<?xml version="1.0" encoding="UTF-8"?>
<!DOCTYPE html PUBLIC "-//W3C//DTD XHTML 1.0 Transitional//EN"
    "http://www.w3.org/TR/xhtml1/DTD/xhtml1-transitional.dtd">
<html xmlns="http://www.w3.org/1999/xhtml" xml:lang="en" lang="en">
 <head>
  <title>
</title>
<meta http-equiv="Content-Type" content="text/html;charset=utf-8" />
  <meta name='ocr-system' content='tesseract 3.04.00' />
  <meta name='ocr-capabilities' content='ocr_page ocr_carea ocr_par ocr_line ocrx_word'/>
</head>
<body>
  <div class='ocr_page' id='page_1' title='image "./epilegomenaadtl00friggoog_0070.png"; bbox 0 0 3584 5632; ppageno 0'>
   <div class='ocr_carea' id='block_1_1' title="bbox 469 615 1442 692">
    <p class='ocr_par' dir='ltr' id='par_1_1' title="bbox 469 615 1442 692">
     <span class='ocr_line' id='line_1_1' title="bbox 469 615 1442 692; baseline 0 -16"><span class='ocrx_word' id='word_1_1' title='bbox 469 619 670 692; x_wconf 64' lang='lat' dir='ltr'><strong>spitigneum</strong></span> <span class='ocrx_word' id='word_1_2' title='bbox 690 619 726 676; x_wconf 78' lang='grc' dir='ltr'><strong>ιο</strong></span> <span class='ocrx_word' id='word_1_3' title='bbox 749 615 782 676; x_wconf 78' lang='lat' dir='ltr'><strong>r.</strong></span> <span class='ocrx_word' id='word_1_4' title='bbox 805 619 876 675; x_wconf 74' lang='lat' dir='ltr'><strong>uini</strong></span> <span class='ocrx_word' id='word_1_5' title='bbox 899 619 1001 685; x_wconf 73' lang='lat' dir='ltr'><strong>nomn</strong></span> <span class='ocrx_word' id='word_1_6' title='bbox 1024 621 1154 690; x_wconf 74' lang='lat' dir='ltr'><strong>penum.</strong></span> <span class='ocrx_word' id='word_1_7' title='bbox 1402 621 1442 676; x_wconf 85' lang='lat' dir='ltr'><strong>ca</strong></span> 
     </span>
    </p>
   </div>
   <div class='ocr_carea' id='block_1_2' title="bbox 156 789 1449 4916">
    <p class='ocr_par' dir='ltr' id='par_1_2' title="bbox 156 789 1444 1176">
     <span class='ocr_line' id='line_1_2' title="bbox 156 789 1441 872; baseline 0.002 -20"><span class='ocrx_word' id='word_1_8' title='bbox 156 791 290 854; x_wconf 65' lang='lat' dir='ltr'><strong>duom</strong></span> <span class='ocrx_word' id='word_1_9' title='bbox 320 797 389 854; x_wconf 89' lang='lat' dir='ltr'><strong>tota</strong></span> <span class='ocrx_word' id='word_1_10' title='bbox 412 809 486 852; x_wconf 89' lang='lat' dir='ltr'><strong>cura</strong></span> <span class='ocrx_word' id='word_1_11' title='bbox 509 789 607 853; x_wconf 84' lang='lat' dir='ltr'><strong>fabris</strong></span> <span class='ocrx_word' id='word_1_12' title='bbox 630 797 698 852; x_wconf 88' lang='lat' dir='ltr'><strong>erat</strong></span> <span class='ocrx_word' id='word_1_13' title='bbox 720 791 921 864; x_wconf 89' lang='lat' dir='ltr'><strong>demandata,</strong></span> <span class='ocrx_word' id='word_1_14' title='bbox 945 811 1021 872; x_wconf 84' lang='lat' dir='ltr'><strong>quas</strong></span> <span class='ocrx_word' id='word_1_15' title='bbox 1044 792 1184 872; x_wconf 77' lang='lat' dir='ltr'><strong>inprimis</strong></span> <span class='ocrx_word' id='word_1_16' title='bbox 1207 793 1248 854; x_wconf 87' lang='lat' dir='ltr'><strong>ad</strong></span> <span class='ocrx_word' id='word_1_17' title='bbox 1271 791 1362 854; x_wconf 90' lang='lat' dir='ltr'><strong>urbes</strong></span> <span class='ocrx_word' id='word_1_18' title='bbox 1384 793 1441 854; x_wconf 90' lang='lat' dir='ltr'><strong>ob-</strong></span> 
     </span>
     <span class='ocr_line' id='line_1_3' title="bbox 159 890 1443 972; baseline 0.002 -20"><span class='ocrx_word' id='word_1_19' title='bbox 159 891 329 956; x_wconf 86' lang='lat' dir='ltr'><strong>sidandae</strong></span> <span class='ocrx_word' id='word_1_20' title='bbox 352 900 383 954; x_wconf 89' lang='lat' dir='ltr'><strong>et</strong></span> <span class='ocrx_word' id='word_1_21' title='bbox 406 893 631 972; x_wconf 88' lang='lat' dir='ltr'><strong>oppugnandas</strong></span> <span class='ocrx_word' id='word_1_22' title='bbox 654 899 783 972; x_wconf 88' lang='lat' dir='ltr'><strong>paratas</strong></span> <span class='ocrx_word' id='word_1_23' title='bbox 799 890 915 956; x_wconf 88' lang='lat' dir='ltr'><strong>habere</strong></span> <span class='ocrx_word' id='word_1_24' title='bbox 933 893 1099 956; x_wconf 89' lang='lat' dir='ltr'><strong>debebant.</strong></span> <span class='ocrx_word' id='word_1_25' title='bbox 1134 892 1443 956; x_wconf 88' lang='lat' dir='ltr'><strong>Remotiorecbiccto</strong></span> 
     </span>
     <span class='ocr_line' id='line_1_4' title="bbox 161 992 1444 1072; baseline 0.002 -18"><span class='ocrx_word' id='word_1_26' title='bbox 161 993 282 1056; x_wconf 80' lang='lat' dir='ltr'><strong>dativi</strong></span> <span class='ocrx_word' id='word_1_27' title='bbox 304 993 412 1056; x_wconf 84' lang='lat' dir='ltr'><strong>offerre</strong></span> <span class='ocrx_word' id='word_1_28' title='bbox 435 992 526 1056; x_wconf 86' lang='lat' dir='ltr'><strong>facile</strong></span> <span class='ocrx_word' id='word_1_29' title='bbox 551 1011 655 1055; x_wconf 86' lang='lat' dir='ltr'><strong>carere</strong></span> <span class='ocrx_word' id='word_1_30' title='bbox 677 999 791 1072; x_wconf 89' lang='lat' dir='ltr'><strong>potest.</strong></span> <span class='ocrx_word' id='word_1_31' title='bbox 826 994 987 1056; x_wconf 88' lang='lat' dir='ltr'><strong>Interdum</strong></span> <span class='ocrx_word' id='word_1_32' title='bbox 1012 994 1133 1058; x_wconf 83' lang='lat' dir='ltr'><strong>differre</strong></span> <span class='ocrx_word' id='word_1_33' title='bbox 1156 995 1223 1056; x_wconf 87' lang='lat' dir='ltr'><strong>siue</strong></span> <span class='ocrx_word' id='word_1_34' title='bbox 1243 993 1305 1056; x_wconf 94' lang='lat' dir='ltr'><strong>ullo</strong></span> <span class='ocrx_word' id='word_1_35' title='bbox 1323 993 1444 1056; x_wconf 89' lang='lat' dir='ltr'><strong>obiecto</strong></span> 
     </span>
     <span class='ocr_line' id='line_1_5' title="bbox 161 1091 938 1176; baseline 0.001 -20"><span class='ocrx_word' id='word_1_36' title='bbox 161 1095 308 1173; x_wconf 85' lang='lat' dir='ltr'><strong>ponitur</strong></span> <span class='ocrx_word' id='word_1_37' title='bbox 329 1092 376 1176; x_wconf 90' lang='grc'><strong>(6,</strong></span> <span class='ocrx_word' id='word_1_38' title='bbox 401 1094 449 1168; x_wconf 89' lang='grc'><strong>14,</strong></span> <span class='ocrx_word' id='word_1_39' title='bbox 475 1094 522 1156; x_wconf 86' lang='grc'><strong>13.</strong></span> <span class='ocrx_word' id='word_1_40' title='bbox 545 1093 597 1166; x_wconf 87' lang='grc'><strong>24,</strong></span> <span class='ocrx_word' id='word_1_41' title='bbox 619 1091 670 1166; x_wconf 85' lang='grc'><strong>39,</strong></span> <span class='ocrx_word' id='word_1_42' title='bbox 693 1094 722 1155; x_wconf 86' lang='grc'><strong>3.</strong></span> <span class='ocrx_word' id='word_1_43' title='bbox 745 1094 796 1166; x_wconf 79' lang='grc'><strong>45,</strong></span> <span class='ocrx_word' id='word_1_44' title='bbox 819 1092 869 1168; x_wconf 85' lang='grc'><strong>36,</strong></span> <span class='ocrx_word' id='word_1_45' title='bbox 891 1096 938 1174; x_wconf 80' lang='grc'><strong>2).</strong></span> 
     </span>
    </p>

    <p class='ocr_par' dir='ltr' id='par_1_3' title="bbox 164 1192 1447 2186">
     <span class='ocr_line' id='line_1_6' title="bbox 265 1192 1443 1278; baseline 0.002 -22"><span class='ocrx_word' id='word_1_46' title='bbox 265 1195 317 1268; x_wconf 86' lang='grc'><strong>43,</strong></span> <span class='ocrx_word' id='word_1_47' title='bbox 339 1195 359 1258; x_wconf 87' lang='lat'><strong>5</strong></span> <span class='ocrx_word' id='word_1_48' title='bbox 392 1193 514 1256; x_wconf 75' lang='lat' dir='ltr'><strong>Tertiae</strong></span> <span class='ocrx_word' id='word_1_49' title='bbox 536 1192 647 1260; x_wconf 64' lang='grc' dir='ltr'><strong><em>ολοοιτν</em></strong></span> <span class='ocrx_word' id='word_1_50' title='bbox 669 1194 899 1278; x_wconf 72' lang='lat' dir='ltr'><strong>quinquaqinta</strong></span> <span class='ocrx_word' id='word_1_51' title='bbox 921 1205 980 1258; x_wconf 88' lang='lat' dir='ltr'><strong>cet.</strong></span> <span class='ocrx_word' id='word_1_52' title='bbox 1004 1195 1078 1260; x_wconf 90' lang='lat' dir='ltr'><strong>Sob.</strong></span> <span class='ocrx_word' id='word_1_53' title='bbox 1101 1195 1222 1259; x_wconf 81' lang='lat' dir='ltr'><strong>Deinde</strong></span> <span class='ocrx_word' id='word_1_54' title='bbox 1244 1193 1322 1258; x_wconf 87' lang='lat' dir='ltr'><strong>haec</strong></span> <span class='ocrx_word' id='word_1_55' title='bbox 1344 1196 1443 1258; x_wconf 87' lang='lat' dir='ltr'><strong>aduo-</strong></span> 
     </span>
     <span class='ocr_line' id='line_1_7' title="bbox 164 1295 1442 1376; baseline 0.002 -18"><span class='ocrx_word' id='word_1_56' title='bbox 164 1296 265 1358; x_wconf 82' lang='lat' dir='ltr'><strong>tavit</strong></span> <span class='ocrx_word' id='word_1_57' title='bbox 284 1296 470 1359; x_wconf 80' lang='lat' dir='ltr'><strong>Rhenanus:</strong></span> <span class='ocrx_word' id='word_1_58' title='bbox 494 1295 654 1376; x_wconf 79' lang='lat' dir='ltr'><strong>»Antiqua</strong></span> <span class='ocrx_word' id='word_1_59' title='bbox 675 1296 782 1358; x_wconf 88' lang='lat' dir='ltr'><strong>lectio:</strong></span> <span class='ocrx_word' id='word_1_60' title='bbox 806 1296 914 1359; x_wconf 87' lang='lat' dir='ltr'><strong>Tertia</strong></span> <span class='ocrx_word' id='word_1_61' title='bbox 937 1297 1045 1360; x_wconf 87' lang='lat' dir='ltr'><strong>elassis</strong></span> <span class='ocrx_word' id='word_1_62' title='bbox 1066 1297 1098 1358; x_wconf 94' lang='lat' dir='ltr'><strong>iu</strong></span> <span class='ocrx_word' id='word_1_63' title='bbox 1118 1313 1150 1358; x_wconf 80' lang='lat' dir='ltr'><strong>L.</strong></span> <span class='ocrx_word' id='word_1_64' title='bbox 1169 1296 1298 1360; x_wconf 89' lang='lat' dir='ltr'><strong>millium</strong></span> <span class='ocrx_word' id='word_1_65' title='bbox 1318 1315 1442 1360; x_wconf 73' lang='lat' dir='ltr'><strong>cenam</strong></span> 
     </span>
     <span class='ocr_line' id='line_1_8' title="bbox 169 1396 1443 1479; baseline 0.002 -21"><span class='ocrx_word' id='word_1_66' title='bbox 169 1417 251 1460; x_wconf 86' lang='lat' dir='ltr'><strong>esse</strong></span> <span class='ocrx_word' id='word_1_67' title='bbox 281 1396 395 1460; x_wconf 88' lang='lat' dir='ltr'><strong>voluit:</strong></span> <span class='ocrx_word' id='word_1_68' title='bbox 429 1396 559 1458; x_wconf 91' lang='lat' dir='ltr'><strong>totidem</strong></span> <span class='ocrx_word' id='word_1_69' title='bbox 588 1397 746 1459; x_wconf 77' lang='lat' dir='ltr'><strong>centuriae</strong></span> <span class='ocrx_word' id='word_1_70' title='bbox 769 1405 802 1458; x_wconf 90' lang='lat' dir='ltr'><strong>et</strong></span> <span class='ocrx_word' id='word_1_71' title='bbox 822 1397 891 1460; x_wconf 86' lang='lat' dir='ltr'><strong>hae.</strong></span> <span class='ocrx_word' id='word_1_72' title='bbox 936 1398 1083 1478; x_wconf 73' lang='lat' dir='ltr'><strong>Suspicor</strong></span> <span class='ocrx_word' id='word_1_73' title='bbox 1105 1399 1254 1479; x_wconf 89' lang='lat' dir='ltr'><strong>scriptum</strong></span> <span class='ocrx_word' id='word_1_74' title='bbox 1279 1396 1384 1470; x_wconf 84' lang='lat' dir='ltr'><strong>luisse,</strong></span> <span class='ocrx_word' id='word_1_75' title='bbox 1407 1399 1443 1460; x_wconf 93' lang='lat' dir='ltr'><strong>In</strong></span> 
     </span>
     <span class='ocr_line' id='line_1_9' title="bbox 169 1497 1443 1562; baseline 0 -2"><span class='ocrx_word' id='word_1_76' title='bbox 169 1498 279 1560; x_wconf 83' lang='lat' dir='ltr'><strong>tertia</strong></span> <span class='ocrx_word' id='word_1_77' title='bbox 306 1498 405 1562; x_wconf 78' lang='lat' dir='ltr'><strong>closae</strong></span> <span class='ocrx_word' id='word_1_78' title='bbox 433 1513 466 1558; x_wconf 75' lang='grc' dir='ltr'><strong>[ι.</strong></span> <span class='ocrx_word' id='word_1_79' title='bbox 489 1497 619 1560; x_wconf 90' lang='lat' dir='ltr'><strong>millium</strong></span> <span class='ocrx_word' id='word_1_80' title='bbox 644 1517 767 1560; x_wconf 88' lang='lat' dir='ltr'><strong>censum</strong></span> <span class='ocrx_word' id='word_1_81' title='bbox 791 1517 860 1560; x_wconf 89' lang='lat' dir='ltr'><strong>esse</strong></span> <span class='ocrx_word' id='word_1_82' title='bbox 883 1499 990 1562; x_wconf 91' lang='lat' dir='ltr'><strong>voluit.</strong></span> <span class='ocrx_word' id='word_1_83' title='bbox 1013 1507 1070 1561; x_wconf 90' lang='lat' dir='ltr'><strong>aut</strong></span> <span class='ocrx_word' id='word_1_84' title='bbox 1092 1500 1217 1562; x_wconf 84' lang='lat' dir='ltr'><strong>Tertiae</strong></span> <span class='ocrx_word' id='word_1_85' title='bbox 1241 1497 1350 1562; x_wconf 86' lang='lat' dir='ltr'><strong>classis</strong></span> <span class='ocrx_word' id='word_1_86' title='bbox 1373 1499 1443 1560; x_wconf 89' lang='lat' dir='ltr'><strong>mil-</strong></span> 
     </span>
     <span class='ocr_line' id='line_1_10' title="bbox 173 1599 1446 1681; baseline 0.002 -21"><span class='ocrx_word' id='word_1_87' title='bbox 173 1599 257 1662; x_wconf 88' lang='lat' dir='ltr'><strong>lium</strong></span> <span class='ocrx_word' id='word_1_88' title='bbox 282 1615 314 1662; x_wconf 81' lang='lat'><strong>1..</strong></span> <span class='ocrx_word' id='word_1_89' title='bbox 338 1618 462 1662; x_wconf 89' lang='lat' dir='ltr'><strong>censum</strong></span> <span class='ocrx_word' id='word_1_90' title='bbox 487 1619 554 1660; x_wconf 90' lang='lat' dir='ltr'><strong>esse</strong></span> <span class='ocrx_word' id='word_1_91' title='bbox 577 1599 702 1662; x_wconf 85' lang='lat' dir='ltr'><strong>voluit».</strong></span> <span class='ocrx_word' id='word_1_92' title='bbox 738 1600 787 1661; x_wconf 89' lang='lat' dir='ltr'><strong>lta</strong></span> <span class='ocrx_word' id='word_1_93' title='bbox 809 1599 957 1679; x_wconf 83' lang='lat' dir='ltr'><strong>Ruperti:</strong></span> <span class='ocrx_word' id='word_1_94' title='bbox 979 1600 1046 1664; x_wconf 78' lang='lat' dir='ltr'><strong>»Au</strong></span> <span class='ocrx_word' id='word_1_95' title='bbox 1071 1600 1234 1664; x_wconf 89' lang='lat' dir='ltr'><strong>delendum</strong></span> <span class='ocrx_word' id='word_1_96' title='bbox 1258 1600 1302 1672; x_wconf 90' lang='lat' dir='ltr'><strong>in,</strong></span> <span class='ocrx_word' id='word_1_97' title='bbox 1325 1601 1446 1681; x_wconf 91' lang='lat' dir='ltr'><strong>quoda</strong></span> 
     </span>
     <span class='ocr_line' id='line_1_11' title="bbox 174 1699 1445 1781; baseline 0 -19"><span class='ocrx_word' id='word_1_98' title='bbox 174 1700 291 1764; x_wconf 86' lang='lat' dir='ltr'><strong>multis</strong></span> <span class='ocrx_word' id='word_1_99' title='bbox 324 1719 396 1762; x_wconf 88' lang='lat' dir='ltr'><strong>mss.</strong></span> <span class='ocrx_word' id='word_1_100' title='bbox 431 1699 558 1762; x_wconf 70' lang='lat' dir='ltr'><strong>abeatis</strong></span> <span class='ocrx_word' id='word_1_101' title='bbox 592 1699 669 1762; x_wconf 78' lang='lat' dir='ltr'><strong>Cum</strong></span> <span class='ocrx_word' id='word_1_102' title='bbox 698 1701 794 1764; x_wconf 86' lang='lat' dir='ltr'><strong>semel</strong></span> <span class='ocrx_word' id='word_1_103' title='bbox 817 1719 917 1763; x_wconf 91' lang='lat' dir='ltr'><strong>errore</strong></span> <span class='ocrx_word' id='word_1_104' title='bbox 940 1701 1088 1781; x_wconf 87' lang='lat' dir='ltr'><strong>scriptum</strong></span> <span class='ocrx_word' id='word_1_105' title='bbox 1114 1709 1198 1764; x_wconf 89' lang='lat' dir='ltr'><strong>esset</strong></span> <span class='ocrx_word' id='word_1_106' title='bbox 1219 1701 1312 1764; x_wconf 82' lang='lat' dir='ltr'><strong>tertia</strong></span> <span class='ocrx_word' id='word_1_107' title='bbox 1334 1699 1445 1763; x_wconf 71' lang='lat' dir='ltr'><strong>clusae</strong></span> 
     </span>
     <span class='ocr_line' id='line_1_12' title="bbox 177 1800 1446 1884; baseline 0.001 -21"><span class='ocrx_word' id='word_1_108' title='bbox 177 1820 221 1863; x_wconf 86' lang='lat' dir='ltr'><strong>ae</strong></span> <span class='ocrx_word' id='word_1_109' title='bbox 243 1800 383 1882; x_wconf 81' lang='lat' dir='ltr'><strong>proxime</strong></span> <span class='ocrx_word' id='word_1_110' title='bbox 405 1801 559 1881; x_wconf 89' lang='lat' dir='ltr'><strong>legeretur</strong></span> <span class='ocrx_word' id='word_1_111' title='bbox 582 1801 616 1864; x_wconf 87' lang='lat' dir='ltr'><strong>in</strong></span> <span class='ocrx_word' id='word_1_112' title='bbox 638 1811 752 1884; x_wconf 82' lang='lat' dir='ltr'><strong>quartu</strong></span> <span class='ocrx_word' id='word_1_113' title='bbox 775 1800 882 1874; x_wconf 82' lang='lat' dir='ltr'><strong>cicccc,</strong></span> <span class='ocrx_word' id='word_1_114' title='bbox 905 1802 1001 1869; x_wconf 84' lang='lat' dir='ltr'><strong>fuisse</strong></span> <span class='ocrx_word' id='word_1_115' title='bbox 1023 1803 1177 1876; x_wconf 85' lang='lat' dir='ltr'><strong>videntur,</strong></span> <span class='ocrx_word' id='word_1_116' title='bbox 1201 1802 1253 1883; x_wconf 92' lang='lat' dir='ltr'><strong>qui</strong></span> <span class='ocrx_word' id='word_1_117' title='bbox 1271 1801 1322 1882; x_wconf 86' lang='lat' dir='ltr'><strong>(nt</strong></span> <span class='ocrx_word' id='word_1_118' title='bbox 1335 1809 1446 1881; x_wconf 89' lang='lat' dir='ltr'><strong>postea</strong></span> 
     </span>
     <span class='ocr_line' id='line_1_13' title="bbox 174 1891 1445 1986; baseline -0.001 -21"><span class='ocrx_word' id='word_1_119' title='bbox 174 1900 369 1986; x_wconf 80' lang='lat' dir='ltr'><strong>Rhenanus)</strong></span> <span class='ocrx_word' id='word_1_120' title='bbox 403 1903 564 1964; x_wconf 73' lang='lat' dir='ltr'><strong>crederent</strong></span> <span class='ocrx_word' id='word_1_121' title='bbox 596 1901 646 1964; x_wconf 88' lang='lat' dir='ltr'><strong>bic</strong></span> <span class='ocrx_word' id='word_1_122' title='bbox 680 1923 800 1984; x_wconf 87' lang='lat' dir='ltr'><strong>quoque</strong></span> <span class='ocrx_word' id='word_1_123' title='bbox 834 1923 901 1965; x_wconf 87' lang='lat' dir='ltr'><strong>esse</strong></span> <span class='ocrx_word' id='word_1_124' title='bbox 935 1891 1047 1966; x_wconf 87' lang='lat' dir='ltr'><strong>debere</strong></span> <span class='ocrx_word' id='word_1_125' title='bbox 1075 1903 1109 1966; x_wconf 86' lang='lat' dir='ltr'><strong>in</strong></span> <span class='ocrx_word' id='word_1_126' title='bbox 1139 1905 1232 1966; x_wconf 85' lang='lat' dir='ltr'><strong>tertia</strong></span> <span class='ocrx_word' id='word_1_127' title='bbox 1259 1900 1367 1976; x_wconf 79' lang='lat' dir='ltr'><strong>closer,</strong></span> <span class='ocrx_word' id='word_1_128' title='bbox 1390 1905 1445 1965; x_wconf 88' lang='lat' dir='ltr'><strong>sed</strong></span> 
     </span>
     <span class='ocr_line' id='line_1_14' title="bbox 180 2003 1447 2084; baseline 0 -18"><span class='ocrx_word' id='word_1_129' title='bbox 180 2023 263 2066; x_wconf 85' lang='lat' dir='ltr'><strong>novo</strong></span> <span class='ocrx_word' id='word_1_130' title='bbox 292 2023 393 2067; x_wconf 88' lang='lat' dir='ltr'><strong>errore</strong></span> <span class='ocrx_word' id='word_1_131' title='bbox 422 2003 546 2077; x_wconf 86' lang='lat' dir='ltr'><strong>accidit,</strong></span> <span class='ocrx_word' id='word_1_132' title='bbox 577 2012 611 2066; x_wconf 90' lang='lat' dir='ltr'><strong>ut</strong></span> <span class='ocrx_word' id='word_1_133' title='bbox 634 2003 668 2065; x_wconf 88' lang='lat' dir='ltr'><strong>in</strong></span> <span class='ocrx_word' id='word_1_134' title='bbox 690 2004 867 2083; x_wconf 86' lang='lat' dir='ltr'><strong>adpositum</strong></span> <span class='ocrx_word' id='word_1_135' title='bbox 891 2004 1041 2084; x_wconf 86' lang='lat' dir='ltr'><strong>postilla</strong></span> <span class='ocrx_word' id='word_1_136' title='bbox 1062 2007 1159 2068; x_wconf 87' lang='lat' dir='ltr'><strong>verba</strong></span> <span class='ocrx_word' id='word_1_137' title='bbox 1181 2006 1211 2066; x_wconf 90' lang='lat' dir='ltr'><strong>in</strong></span> <span class='ocrx_word' id='word_1_138' title='bbox 1236 2005 1304 2068; x_wconf 89' lang='lat' dir='ltr'><strong>edd.</strong></span> <span class='ocrx_word' id='word_1_139' title='bbox 1328 2004 1447 2066; x_wconf 89' lang='lat' dir='ltr'><strong>adiice-</strong></span> 
     </span>
     <span class='ocr_line' id='line_1_15' title="bbox 179 2103 1003 2186; baseline 0 -20"><span class='ocrx_word' id='word_1_140' title='bbox 179 2113 280 2178; x_wconf 85' lang='lat' dir='ltr'><strong>retur,</strong></span> <span class='ocrx_word' id='word_1_141' title='bbox 302 2105 383 2186; x_wconf 85' lang='lat' dir='ltr'><strong>quod</strong></span> <span class='ocrx_word' id='word_1_142' title='bbox 406 2104 467 2167; x_wconf 89' lang='lat' dir='ltr'><strong>iam</strong></span> <span class='ocrx_word' id='word_1_143' title='bbox 491 2103 606 2167; x_wconf 85' lang='lat' dir='ltr'><strong>Sobius</strong></span> <span class='ocrx_word' id='word_1_144' title='bbox 629 2105 730 2167; x_wconf 89' lang='lat' dir='ltr'><strong>delere</strong></span> <span class='ocrx_word' id='word_1_145' title='bbox 753 2125 812 2167; x_wconf 91' lang='lat' dir='ltr'><strong>non</strong></span> <span class='ocrx_word' id='word_1_146' title='bbox 837 2105 1003 2168; x_wconf 88' lang='lat' dir='ltr'><strong>dubitavit.</strong></span> 
     </span>
    </p>

    <p class='ocr_par' dir='ltr' id='par_1_4' title="bbox 182 2199 1449 4916">
     <span class='ocr_line' id='line_1_16' title="bbox 267 2199 1447 2287; baseline 0 -19"><span class='ocrx_word' id='word_1_147' title='bbox 267 2199 361 2279; x_wconf 75' lang='lat' dir='ltr'><strong>tat</strong></span> <span class='ocrx_word' id='word_1_148' title='bbox 390 2203 455 2268; x_wconf 87' lang='lat' dir='ltr'><strong>His</strong></span> <span class='ocrx_word' id='word_1_149' title='bbox 483 2206 604 2268; x_wconf 73' lang='grc' dir='ltr'><strong><em>οοοοποι·</em></strong></span> <span class='ocrx_word' id='word_1_150' title='bbox 635 2213 693 2268; x_wconf 88' lang='lat' dir='ltr'><strong>cet.</strong></span> <span class='ocrx_word' id='word_1_151' title='bbox 723 2205 869 2268; x_wconf 76' lang='lat' dir='ltr'><strong>(lodicum</strong></span> <span class='ocrx_word' id='word_1_152' title='bbox 900 2206 977 2268; x_wconf 89' lang='lat' dir='ltr'><strong>haee</strong></span> <span class='ocrx_word' id='word_1_153' title='bbox 1000 2215 1049 2269; x_wconf 89' lang='lat' dir='ltr'><strong>est</strong></span> <span class='ocrx_word' id='word_1_154' title='bbox 1071 2207 1243 2287; x_wconf 87' lang='lat' dir='ltr'><strong>scriptura:</strong></span> <span class='ocrx_word' id='word_1_155' title='bbox 1265 2205 1370 2268; x_wconf 74' lang='lat' dir='ltr'><strong>iuliis</strong></span> <span class='ocrx_word' id='word_1_156' title='bbox 1392 2227 1447 2268; x_wconf 86' lang='lat' dir='ltr'><strong>cc·</strong></span> 
     </span>
     <span class='ocr_line' id='line_1_17' title="bbox 184 2306 1446 2390; baseline -0.001 -20"><span class='ocrx_word' id='word_1_157' title='bbox 184 2307 277 2380; x_wconf 82' lang='lat' dir='ltr'><strong>canei,</strong></span> <span class='ocrx_word' id='word_1_158' title='bbox 301 2307 474 2370; x_wconf 85' lang='lat' dir='ltr'><strong>cornicines</strong></span> <span class='ocrx_word' id='word_1_159' title='bbox 495 2306 714 2390; x_wconf 84' lang='lat' dir='ltr'><strong>tubicineeque,</strong></span> <span class='ocrx_word' id='word_1_160' title='bbox 737 2307 772 2368; x_wconf 91' lang='lat' dir='ltr'><strong>in</strong></span> <span class='ocrx_word' id='word_1_161' title='bbox 794 2316 856 2370; x_wconf 84' lang='lat' dir='ltr'><strong>tres</strong></span> <span class='ocrx_word' id='word_1_162' title='bbox 878 2308 1035 2370; x_wconf 73' lang='lat' dir='ltr'><strong>centuriae</strong></span> <span class='ocrx_word' id='word_1_163' title='bbox 1057 2308 1230 2382; x_wconf 70' lang='lat' dir='ltr'><strong>distributi,</strong></span> <span class='ocrx_word' id='word_1_164' title='bbox 1253 2325 1346 2389; x_wconf 87' lang='lat' dir='ltr'><strong>quam</strong></span> <span class='ocrx_word' id='word_1_165' title='bbox 1368 2308 1446 2370; x_wconf 82' lang='lat' dir='ltr'><strong>reti-</strong></span> 
     </span>
     <span class='ocr_line' id='line_1_18' title="bbox 184 2403 1447 2490; baseline 0 -18"><span class='ocrx_word' id='word_1_166' title='bbox 184 2416 261 2472; x_wconf 88' lang='lat' dir='ltr'><strong>nent</strong></span> <span class='ocrx_word' id='word_1_167' title='bbox 290 2409 514 2472; x_wconf 79' lang='lat' dir='ltr'><strong>Weissenborn</strong></span> <span class='ocrx_word' id='word_1_168' title='bbox 538 2415 570 2471; x_wconf 89' lang='lat' dir='ltr'><strong>et</strong></span> <span class='ocrx_word' id='word_1_169' title='bbox 592 2407 737 2488; x_wconf 80' lang='lat' dir='ltr'><strong>Madvig:</strong></span> <span class='ocrx_word' id='word_1_170' title='bbox 760 2408 812 2471; x_wconf 91' lang='lat' dir='ltr'><strong>ille</strong></span> <span class='ocrx_word' id='word_1_171' title='bbox 837 2409 974 2490; x_wconf 88' lang='lat' dir='ltr'><strong>legentes</strong></span> <span class='ocrx_word' id='word_1_172' title='bbox 996 2403 1286 2490; x_wconf 87' lang='lat' dir='ltr'><strong>impedimentorum</strong></span> <span class='ocrx_word' id='word_1_173' title='bbox 1311 2427 1447 2472; x_wconf 73' lang='lat' dir='ltr'><strong>mmmc-</strong></span> 
     </span>
     <span class='ocr_line' id='line_1_19' title="bbox 183 2509 1445 2591; baseline 0 -19"><span class='ocrx_word' id='word_1_174' title='bbox 183 2510 310 2584; x_wconf 83' lang='lat' dir='ltr'><strong>neiacit,</strong></span> <span class='ocrx_word' id='word_1_175' title='bbox 342 2511 393 2574; x_wconf 90' lang='lat' dir='ltr'><strong>bic</strong></span> <span class='ocrx_word' id='word_1_176' title='bbox 426 2511 550 2572; x_wconf 87' lang='lat' dir='ltr'><strong>sublato</strong></span> <span class='ocrx_word' id='word_1_177' title='bbox 583 2516 656 2590; x_wconf 89' lang='lat' dir='ltr'><strong>post</strong></span> <span class='ocrx_word' id='word_1_178' title='bbox 688 2509 902 2591; x_wconf 87' lang='lat' dir='ltr'><strong>tubicinesque</strong></span> <span class='ocrx_word' id='word_1_179' title='bbox 933 2510 1030 2572; x_wconf 90' lang='lat' dir='ltr'><strong>inciso</strong></span> <span class='ocrx_word' id='word_1_180' title='bbox 1061 2511 1118 2574; x_wconf 92' lang='lat' dir='ltr'><strong>boc</strong></span> <span class='ocrx_word' id='word_1_181' title='bbox 1146 2517 1270 2574; x_wconf 89' lang='lat' dir='ltr'><strong>tautum</strong></span> <span class='ocrx_word' id='word_1_182' title='bbox 1298 2512 1445 2572; x_wconf 87' lang='lat' dir='ltr'><strong>adnotat:</strong></span> 
     </span>
     <span class='ocr_line' id='line_1_20' title="bbox 184 2610 1447 2692; baseline 0.003 -22"><span class='ocrx_word' id='word_1_183' title='bbox 184 2612 288 2674; x_wconf 74' lang='lat' dir='ltr'><strong>»Inter</strong></span> <span class='ocrx_word' id='word_1_184' title='bbox 319 2611 376 2675; x_wconf 89' lang='lat' dir='ltr'><strong>hos</strong></span> <span class='ocrx_word' id='word_1_185' title='bbox 404 2611 467 2674; x_wconf 88' lang='lat' dir='ltr'><strong>tria</strong></span> <span class='ocrx_word' id='word_1_186' title='bbox 493 2611 549 2674; x_wconf 91' lang='lat' dir='ltr'><strong>illa</strong></span> <span class='ocrx_word' id='word_1_187' title='bbox 577 2629 690 2692; x_wconf 87' lang='lat' dir='ltr'><strong>genera</strong></span> <span class='ocrx_word' id='word_1_188' title='bbox 713 2610 883 2673; x_wconf 87' lang='lat' dir='ltr'><strong>distributa</strong></span> <span class='ocrx_word' id='word_1_189' title='bbox 905 2619 978 2674; x_wconf 89' lang='lat' dir='ltr'><strong>suut</strong></span> <span class='ocrx_word' id='word_1_190' title='bbox 1000 2612 1031 2674; x_wconf 91' lang='lat' dir='ltr'><strong>in</strong></span> <span class='ocrx_word' id='word_1_191' title='bbox 1054 2619 1118 2674; x_wconf 86' lang='lat' dir='ltr'><strong>tres</strong></span> <span class='ocrx_word' id='word_1_192' title='bbox 1142 2610 1323 2676; x_wconf 87' lang='lat' dir='ltr'><strong>centuriae».</strong></span> <span class='ocrx_word' id='word_1_193' title='bbox 1368 2611 1447 2674; x_wconf 85' lang='lat' dir='ltr'><strong>Vult</strong></span> 
     </span>
     <span class='ocr_line' id='line_1_21' title="bbox 182 2711 1446 2794; baseline 0 -20"><span class='ocrx_word' id='word_1_194' title='bbox 182 2713 278 2794; x_wconf 87' lang='lat' dir='ltr'><strong>igitur</strong></span> <span class='ocrx_word' id='word_1_195' title='bbox 309 2712 404 2776; x_wconf 91' lang='lat' dir='ltr'><strong>etiam</strong></span> <span class='ocrx_word' id='word_1_196' title='bbox 427 2711 599 2776; x_wconf 87' lang='lat' dir='ltr'><strong>centuriam</strong></span> <span class='ocrx_word' id='word_1_197' title='bbox 624 2731 834 2786; x_wconf 84' lang='lat' dir='ltr'><strong>accensorum,</strong></span> <span class='ocrx_word' id='word_1_198' title='bbox 857 2731 937 2794; x_wconf 88' lang='lat' dir='ltr'><strong>quac</strong></span> <span class='ocrx_word' id='word_1_199' title='bbox 960 2720 1064 2776; x_wconf 89' lang='lat' dir='ltr'><strong>tamen</strong></span> <span class='ocrx_word' id='word_1_200' title='bbox 1088 2713 1175 2776; x_wconf 90' lang='lat' dir='ltr'><strong>nulla</strong></span> <span class='ocrx_word' id='word_1_201' title='bbox 1198 2720 1276 2786; x_wconf 87' lang='lat' dir='ltr'><strong>arat,</strong></span> <span class='ocrx_word' id='word_1_202' title='bbox 1299 2733 1398 2794; x_wconf 90' lang='lat' dir='ltr'><strong>neque</strong></span> <span class='ocrx_word' id='word_1_203' title='bbox 1420 2713 1446 2774; x_wconf 91' lang='lat' dir='ltr'><strong>si</strong></span> 
     </span>
     <span class='ocr_line' id='line_1_22' title="bbox 184 2812 1447 2896; baseline -0.002 -19"><span class='ocrx_word' id='word_1_204' title='bbox 184 2823 246 2878; x_wconf 80' lang='lat' dir='ltr'><strong>tres</strong></span> <span class='ocrx_word' id='word_1_205' title='bbox 268 2815 426 2877; x_wconf 87' lang='lat' dir='ltr'><strong>adduntur</strong></span> <span class='ocrx_word' id='word_1_206' title='bbox 447 2814 553 2896; x_wconf 89' lang='lat' dir='ltr'><strong>(quem</strong></span> <span class='ocrx_word' id='word_1_207' title='bbox 578 2831 738 2876; x_wconf 89' lang='lat' dir='ltr'><strong>numerum</strong></span> <span class='ocrx_word' id='word_1_208' title='bbox 762 2815 897 2876; x_wconf 91' lang='lat' dir='ltr'><strong>nondum</strong></span> <span class='ocrx_word' id='word_1_209' title='bbox 922 2813 952 2875; x_wconf 91' lang='lat' dir='ltr'><strong>iu</strong></span> <span class='ocrx_word' id='word_1_210' title='bbox 977 2813 1112 2876; x_wconf 86' lang='lat' dir='ltr'><strong>editione</strong></span> <span class='ocrx_word' id='word_1_211' title='bbox 1131 2812 1280 2896; x_wconf 87' lang='lat' dir='ltr'><strong>mutavi),</strong></span> <span class='ocrx_word' id='word_1_212' title='bbox 1303 2813 1447 2876; x_wconf 85' lang='lat' dir='ltr'><strong>convenit</strong></span> 
     </span>
     <span class='ocr_line' id='line_1_23' title="bbox 184 2914 1447 2998; baseline -0.002 -20"><span class='ocrx_word' id='word_1_213' title='bbox 184 2934 252 2978; x_wconf 89' lang='lat' dir='ltr'><strong>cum</strong></span> <span class='ocrx_word' id='word_1_214' title='bbox 281 2922 351 2980; x_wconf 84' lang='lat' dir='ltr'><strong>tota</strong></span> <span class='ocrx_word' id='word_1_215' title='bbox 378 2934 509 2988; x_wconf 87' lang='lat' dir='ltr'><strong>summa,</strong></span> <span class='ocrx_word' id='word_1_216' title='bbox 532 2915 605 2996; x_wconf 91' lang='lat' dir='ltr'><strong>quia</strong></span> <span class='ocrx_word' id='word_1_217' title='bbox 627 2921 694 2978; x_wconf 88' lang='lat' dir='ltr'><strong>tum</strong></span> <span class='ocrx_word' id='word_1_218' title='bbox 718 2914 876 2978; x_wconf 89' lang='lat' dir='ltr'><strong>centuriae</strong></span> <span class='ocrx_word' id='word_1_219' title='bbox 900 2925 991 2978; x_wconf 90' lang='lat' dir='ltr'><strong>erunt</strong></span> <span class='ocrx_word' id='word_1_220' title='bbox 1013 2924 1134 2978; x_wconf 88' lang='lat' dir='ltr'><strong>eentum</strong></span> <span class='ocrx_word' id='word_1_221' title='bbox 1160 2915 1331 2998; x_wconf 72' lang='lat' dir='ltr'><strong>nonaginta</strong></span> <span class='ocrx_word' id='word_1_222' title='bbox 1354 2923 1447 2996; x_wconf 90' lang='lat' dir='ltr'><strong>quat-</strong></span> 
     </span>
     <span class='ocr_line' id='line_1_24' title="bbox 184 3013 1447 3100; baseline 0 -22"><span class='ocrx_word' id='word_1_223' title='bbox 184 3023 265 3080; x_wconf 86' lang='lat' dir='ltr'><strong>tuor.</strong></span> <span class='ocrx_word' id='word_1_224' title='bbox 308 3017 411 3080; x_wconf 84' lang='lat' dir='ltr'><strong>Erant</strong></span> <span class='ocrx_word' id='word_1_225' title='bbox 432 3025 549 3089; x_wconf 89' lang='lat' dir='ltr'><strong>tameu,</strong></span> <span class='ocrx_word' id='word_1_226' title='bbox 572 3022 608 3078; x_wconf 91' lang='lat' dir='ltr'><strong>ut</strong></span> <span class='ocrx_word' id='word_1_227' title='bbox 629 3015 744 3078; x_wconf 84' lang='lat' dir='ltr'><strong>diserte</strong></span> <span class='ocrx_word' id='word_1_228' title='bbox 767 3025 905 3079; x_wconf 86' lang='lat' dir='ltr'><strong>testatur</strong></span> <span class='ocrx_word' id='word_1_229' title='bbox 926 3016 1095 3098; x_wconf 86' lang='lat' dir='ltr'><strong>Dionysius</strong></span> <span class='ocrx_word' id='word_1_230' title='bbox 1118 3016 1245 3100; x_wconf 84' lang='lat'><strong>(4‚18),</strong></span> <span class='ocrx_word' id='word_1_231' title='bbox 1264 3015 1352 3096; x_wconf 77' lang='grc' dir='ltr'><strong><em>λόχοι</em></strong></span> <span class='ocrx_word' id='word_1_232' title='bbox 1369 3013 1447 3078; x_wconf 76' lang='lat' dir='ltr'><strong>isa--</strong></span> 
     </span>
     <span class='ocr_line' id='line_1_25' title="bbox 184 3115 1446 3201; baseline 0.003 -23"><span class='ocrx_word' id='word_1_233' title='bbox 184 3115 239 3180; x_wconf 80' lang='lat' dir='ltr'><strong>niv</strong></span> <span class='ocrx_word' id='word_1_234' title='bbox 263 3123 317 3180; x_wconf 80' lang='lat' dir='ltr'><strong>sal</strong></span> <span class='ocrx_word' id='word_1_235' title='bbox 340 3117 623 3201; x_wconf 69' lang='grc' dir='ltr'><strong><em>λντνηιιοντατροτςι</em></strong></span> <span class='ocrx_word' id='word_1_236' title='bbox 649 3136 687 3178; x_wconf 89' lang='lat' dir='ltr'><strong>ac</strong></span> <span class='ocrx_word' id='word_1_237' title='bbox 710 3116 817 3180; x_wconf 80' lang='lat' dir='ltr'><strong>(linaro</strong></span> <span class='ocrx_word' id='word_1_238' title='bbox 840 3118 918 3197; x_wconf 86' lang='lat' dir='ltr'><strong>Rep.</strong></span> <span class='ocrx_word' id='word_1_239' title='bbox 942 3119 971 3192; x_wconf 90' lang='grc'><strong>2,</strong></span> <span class='ocrx_word' id='word_1_240' title='bbox 994 3119 1046 3192; x_wconf 89' lang='grc'><strong>22,</strong></span> <span class='ocrx_word' id='word_1_241' title='bbox 1068 3125 1104 3180; x_wconf 91' lang='lat' dir='ltr'><strong>ut</strong></span> <span class='ocrx_word' id='word_1_242' title='bbox 1127 3119 1217 3182; x_wconf 91' lang='lat' dir='ltr'><strong>dccet</strong></span> <span class='ocrx_word' id='word_1_243' title='bbox 1238 3118 1352 3181; x_wconf 87' lang='lat' dir='ltr'><strong>ibidem</strong></span> <span class='ocrx_word' id='word_1_244' title='bbox 1376 3118 1446 3182; x_wconf 91' lang='lat' dir='ltr'><strong>An-</strong></span> 
     </span>
     <span class='ocr_line' id='line_1_26' title="bbox 184 3218 1446 3302; baseline -0.001 -20"><span class='ocrx_word' id='word_1_245' title='bbox 184 3220 270 3300; x_wconf 89' lang='lat' dir='ltr'><strong>gelus</strong></span> <span class='ocrx_word' id='word_1_246' title='bbox 299 3220 412 3294; x_wconf 83' lang='lat' dir='ltr'><strong>Maius,</strong></span> <span class='ocrx_word' id='word_1_247' title='bbox 441 3219 599 3300; x_wconf 88' lang='lat' dir='ltr'><strong>conspirat</strong></span> <span class='ocrx_word' id='word_1_248' title='bbox 625 3218 657 3280; x_wconf 92' lang='lat' dir='ltr'><strong>in</strong></span> <span class='ocrx_word' id='word_1_249' title='bbox 686 3237 808 3280; x_wconf 85' lang='lat' dir='ltr'><strong>summa</strong></span> <span class='ocrx_word' id='word_1_250' title='bbox 831 3219 869 3280; x_wconf 89' lang='lat' dir='ltr'><strong>ad</strong></span> <span class='ocrx_word' id='word_1_251' title='bbox 894 3218 1041 3280; x_wconf 87' lang='lat' dir='ltr'><strong>amussim</strong></span> <span class='ocrx_word' id='word_1_252' title='bbox 1067 3237 1134 3282; x_wconf 89' lang='lat' dir='ltr'><strong>eum</strong></span> <span class='ocrx_word' id='word_1_253' title='bbox 1158 3219 1324 3302; x_wconf 85' lang='lat' dir='ltr'><strong>Dionysi03</strong></span> <span class='ocrx_word' id='word_1_254' title='bbox 1348 3239 1446 3300; x_wconf 93' lang='lat' dir='ltr'><strong>equo</strong></span> 
     </span>
     <span class='ocr_line' id='line_1_27' title="bbox 183 3319 1446 3402; baseline 0 -22"><span class='ocrx_word' id='word_1_255' title='bbox 183 3321 245 3384; x_wconf 90' lang='lat' dir='ltr'><strong>iam</strong></span> <span class='ocrx_word' id='word_1_256' title='bbox 275 3320 420 3402; x_wconf 83' lang='lat' dir='ltr'><strong>Sigonius</strong></span> <span class='ocrx_word' id='word_1_257' title='bbox 449 3321 650 3384; x_wconf 77' lang='lat' dir='ltr'><strong>intellexerat</strong></span> <span class='ocrx_word' id='word_1_258' title='bbox 679 3319 727 3381; x_wconf 79' lang='lat' dir='ltr'><strong>uin</strong></span> <span class='ocrx_word' id='word_1_259' title='bbox 752 3329 812 3381; x_wconf 81' lang='lat' dir='ltr'><strong>tres</strong></span> <span class='ocrx_word' id='word_1_260' title='bbox 836 3319 1010 3382; x_wconf 82' lang='lat' dir='ltr'><strong>centurias»</strong></span> <span class='ocrx_word' id='word_1_261' title='bbox 1034 3320 1147 3383; x_wconf 82' lang='lat' dir='ltr'><strong>falsum</strong></span> <span class='ocrx_word' id='word_1_262' title='bbox 1171 3341 1248 3384; x_wconf 85' lang='lat' dir='ltr'><strong>esse.</strong></span> <span class='ocrx_word' id='word_1_263' title='bbox 1292 3320 1446 3395; x_wconf 70' lang='lat' dir='ltr'><strong>»Malimn</strong></span> 
     </span>
     <span class='ocr_line' id='line_1_28' title="bbox 184 3419 1448 3504; baseline 0.002 -22"><span class='ocrx_word' id='word_1_264' title='bbox 184 3421 295 3503; x_wconf 90' lang='lat' dir='ltr'><strong>iuquit,</strong></span> <span class='ocrx_word' id='word_1_265' title='bbox 323 3421 372 3484; x_wconf 82' lang='lat' dir='ltr'><strong>»in</strong></span> <span class='ocrx_word' id='word_1_266' title='bbox 400 3421 507 3485; x_wconf 72' lang='lat' dir='ltr'><strong>dana».</strong></span> <span class='ocrx_word' id='word_1_267' title='bbox 552 3419 761 3485; x_wconf 79' lang='lat' dir='ltr'><strong>Consentiunt</strong></span> <span class='ocrx_word' id='word_1_268' title='bbox 792 3420 898 3500; x_wconf 87' lang='lat' dir='ltr'><strong>Lange</strong></span> <span class='ocrx_word' id='word_1_269' title='bbox 922 3421 1088 3504; x_wconf 84' lang='lat' dir='ltr'><strong>ceterique,</strong></span> <span class='ocrx_word' id='word_1_270' title='bbox 1111 3422 1161 3503; x_wconf 91' lang='lat' dir='ltr'><strong>qui</strong></span> <span class='ocrx_word' id='word_1_271' title='bbox 1185 3421 1266 3484; x_wconf 89' lang='lat' dir='ltr'><strong>banc</strong></span> <span class='ocrx_word' id='word_1_272' title='bbox 1288 3439 1353 3484; x_wconf 88' lang='lat' dir='ltr'><strong>rem</strong></span> <span class='ocrx_word' id='word_1_273' title='bbox 1376 3439 1448 3502; x_wconf 85' lang='lat' dir='ltr'><strong>per·</strong></span> 
     </span>
     <span class='ocr_line' id='line_1_29' title="bbox 183 3521 1448 3603; baseline -0.001 -17"><span class='ocrx_word' id='word_1_274' title='bbox 183 3525 369 3603; x_wconf 79' lang='lat' dir='ltr'><strong>penderant,</strong></span> <span class='ocrx_word' id='word_1_275' title='bbox 396 3537 434 3585; x_wconf 94' lang='lat'><strong>111</strong></span> <span class='ocrx_word' id='word_1_276' title='bbox 463 3521 613 3602; x_wconf 84' lang='lat' dir='ltr'><strong>scriptum</strong></span> <span class='ocrx_word' id='word_1_277' title='bbox 643 3541 711 3584; x_wconf 90' lang='lat' dir='ltr'><strong>ease</strong></span> <span class='ocrx_word' id='word_1_278' title='bbox 739 3540 794 3601; x_wconf 92' lang='lat' dir='ltr'><strong>pro</strong></span> <span class='ocrx_word' id='word_1_279' title='bbox 816 3536 850 3582; x_wconf 88' lang='lat'><strong>11.</strong></span> <span class='ocrx_word' id='word_1_280' title='bbox 894 3521 1086 3602; x_wconf 80' lang='lat' dir='ltr'><strong>Depravatio</strong></span> <span class='ocrx_word' id='word_1_281' title='bbox 1110 3530 1214 3586; x_wconf 86' lang='lat' dir='ltr'><strong>autem</strong></span> <span class='ocrx_word' id='word_1_282' title='bbox 1238 3524 1279 3584; x_wconf 94' lang='lat' dir='ltr'><strong>ab</strong></span> <span class='ocrx_word' id='word_1_283' title='bbox 1301 3521 1339 3586; x_wconf 89' lang='lat' dir='ltr'><strong>iis</strong></span> <span class='ocrx_word' id='word_1_284' title='bbox 1362 3523 1448 3585; x_wconf 84' lang='lat' dir='ltr'><strong>facta</strong></span> 
     </span>
     <span class='ocr_line' id='line_1_30' title="bbox 186 3621 1448 3708; baseline -0.001 -21"><span class='ocrx_word' id='word_1_285' title='bbox 186 3643 254 3687; x_wconf 90' lang='lat' dir='ltr'><strong>asae</strong></span> <span class='ocrx_word' id='word_1_286' title='bbox 276 3623 409 3697; x_wconf 84' lang='lat' dir='ltr'><strong>videtur,</strong></span> <span class='ocrx_word' id='word_1_287' title='bbox 433 3624 484 3706; x_wconf 91' lang='lat' dir='ltr'><strong>qui</strong></span> <span class='ocrx_word' id='word_1_288' title='bbox 508 3623 587 3686; x_wconf 74' lang='lat' dir='ltr'><strong>»teia</strong></span> <span class='ocrx_word' id='word_1_289' title='bbox 607 3623 663 3684; x_wconf 87' lang='lat' dir='ltr'><strong>illa</strong></span> <span class='ocrx_word' id='word_1_290' title='bbox 685 3641 815 3702; x_wconf 78' lang='lat' dir='ltr'><strong>genera»</strong></span> <span class='ocrx_word' id='word_1_291' title='bbox 838 3621 1011 3707; x_wconf 86' lang='lat' dir='ltr'><strong>(accensos,</strong></span> <span class='ocrx_word' id='word_1_292' title='bbox 1029 3622 1199 3686; x_wconf 86' lang='lat' dir='ltr'><strong>cornicines</strong></span> <span class='ocrx_word' id='word_1_293' title='bbox 1216 3621 1448 3708; x_wconf 82' lang='lat' dir='ltr'><strong>tubicinesque)</strong></span> 
     </span>
     <span class='ocr_line' id='line_1_31' title="bbox 183 3721 1446 3806; baseline 0.002 -22"><span class='ocrx_word' id='word_1_294' title='bbox 183 3725 216 3788; x_wconf 93' lang='lat' dir='ltr'><strong>in</strong></span> <span class='ocrx_word' id='word_1_295' title='bbox 243 3725 375 3788; x_wconf 86' lang='lat' dir='ltr'><strong>totidem</strong></span> <span class='ocrx_word' id='word_1_296' title='bbox 404 3724 559 3788; x_wconf 88' lang='lat' dir='ltr'><strong>centurias</strong></span> <span class='ocrx_word' id='word_1_297' title='bbox 587 3723 704 3786; x_wconf 89' lang='lat' dir='ltr'><strong>vellent</strong></span> <span class='ocrx_word' id='word_1_298' title='bbox 733 3723 902 3786; x_wconf 87' lang='lat' dir='ltr'><strong>distribute</strong></span> <span class='ocrx_word' id='word_1_299' title='bbox 930 3721 1029 3806; x_wconf 84' lang='lat' dir='ltr'><strong>(quod</strong></span> <span class='ocrx_word' id='word_1_300' title='bbox 1059 3730 1148 3786; x_wconf 82' lang='lat' dir='ltr'><strong>tauto</strong></span> <span class='ocrx_word' id='word_1_301' title='bbox 1178 3724 1301 3787; x_wconf 87' lang='lat' dir='ltr'><strong>facilius</strong></span> <span class='ocrx_word' id='word_1_302' title='bbox 1330 3725 1446 3788; x_wconf 86' lang='lat' dir='ltr'><strong>factum</strong></span> 
     </span>
     <span class='ocr_line' id='line_1_32' title="bbox 185 3822 1446 3908; baseline -0.001 -21"><span class='ocrx_word' id='word_1_303' title='bbox 185 3834 243 3899; x_wconf 82' lang='lat' dir='ltr'><strong>est,</strong></span> <span class='ocrx_word' id='word_1_304' title='bbox 273 3846 341 3889; x_wconf 91' lang='lat' dir='ltr'><strong>cum</strong></span> <span class='ocrx_word' id='word_1_305' title='bbox 372 3845 533 3889; x_wconf 89' lang='lat' dir='ltr'><strong>accensere</strong></span> <span class='ocrx_word' id='word_1_306' title='bbox 563 3833 647 3888; x_wconf 87' lang='lat' dir='ltr'><strong>esset</strong></span> <span class='ocrx_word' id='word_1_307' title='bbox 675 3823 803 3886; x_wconf 87' lang='lat' dir='ltr'><strong>verbnm</strong></span> <span class='ocrx_word' id='word_1_308' title='bbox 826 3822 1013 3908; x_wconf 88' lang='lat' dir='ltr'><strong>insolitum),</strong></span> <span class='ocrx_word' id='word_1_309' title='bbox 1036 3843 1115 3906; x_wconf 87' lang='lat' dir='ltr'><strong>quae</strong></span> <span class='ocrx_word' id='word_1_310' title='bbox 1137 3824 1208 3906; x_wconf 89' lang='lat' dir='ltr'><strong>ipsa</strong></span> <span class='ocrx_word' id='word_1_311' title='bbox 1228 3825 1446 3906; x_wconf 85' lang='lat' dir='ltr'><strong>interpretatio</strong></span> 
     </span>
     <span class='ocr_line' id='line_1_33' title="bbox 184 3924 1448 4011; baseline -0.002 -21"><span class='ocrx_word' id='word_1_312' title='bbox 184 3945 281 3990; x_wconf 73' lang='lat' dir='ltr'><strong>musa</strong></span> <span class='ocrx_word' id='word_1_313' title='bbox 315 3929 402 3990; x_wconf 85' lang='lat' dir='ltr'><strong>iacta</strong></span> <span class='ocrx_word' id='word_1_314' title='bbox 429 3935 478 3990; x_wconf 89' lang='lat' dir='ltr'><strong>eat</strong></span> <span class='ocrx_word' id='word_1_315' title='bbox 506 3926 635 3989; x_wconf 85' lang='lat' dir='ltr'><strong>alterius</strong></span> <span class='ocrx_word' id='word_1_316' title='bbox 663 3924 914 4005; x_wconf 86' lang='lat' dir='ltr'><strong>interpolationis</strong></span> <span class='ocrx_word' id='word_1_317' title='bbox 932 3925 972 3991; x_wconf 84' lang='lat' dir='ltr'><strong>in</strong></span> <span class='ocrx_word' id='word_1_318' title='bbox 993 3924 1044 3988; x_wconf 83' lang='lat' dir='ltr'><strong>bis</strong></span> <span class='ocrx_word' id='word_1_319' title='bbox 1064 3925 1136 4006; x_wconf 76' lang='lat' dir='ltr'><strong>(pro</strong></span> <span class='ocrx_word' id='word_1_320' title='bbox 1157 3924 1233 4011; x_wconf 85' lang='lat' dir='ltr'><strong>bie),</strong></span> <span class='ocrx_word' id='word_1_321' title='bbox 1256 3928 1337 4008; x_wconf 91' lang='lat' dir='ltr'><strong>quod</strong></span> <span class='ocrx_word' id='word_1_322' title='bbox 1360 3945 1448 3988; x_wconf 90' lang='lat' dir='ltr'><strong>meu-</strong></span> 
     </span>
     <span class='ocr_line' id='line_1_34' title="bbox 185 4025 1447 4111; baseline -0.001 -22"><span class='ocrx_word' id='word_1_323' title='bbox 185 4029 257 4092; x_wconf 90' lang='lat' dir='ltr'><strong>dum</strong></span> <span class='ocrx_word' id='word_1_324' title='bbox 292 4027 426 4092; x_wconf 81' lang='lat' dir='ltr'><strong>correxit</strong></span> <span class='ocrx_word' id='word_1_325' title='bbox 458 4026 648 4090; x_wconf 78' lang='lat' dir='ltr'><strong>Perizonius.</strong></span> <span class='ocrx_word' id='word_1_326' title='bbox 691 4026 793 4088; x_wconf 91' lang='lat' dir='ltr'><strong>Docet</strong></span> <span class='ocrx_word' id='word_1_327' title='bbox 825 4026 943 4088; x_wconf 90' lang='lat' dir='ltr'><strong>Paulus</strong></span> <span class='ocrx_word' id='word_1_328' title='bbox 975 4026 1134 4089; x_wconf 89' lang='lat' dir='ltr'><strong>Diaccuus</strong></span> <span class='ocrx_word' id='word_1_329' title='bbox 1167 4025 1298 4111; x_wconf 84' lang='lat' dir='ltr'><strong>(Festus</strong></span> <span class='ocrx_word' id='word_1_330' title='bbox 1320 4046 1351 4107; x_wconf 93' lang='lat' dir='ltr'><strong>p.</strong></span> <span class='ocrx_word' id='word_1_331' title='bbox 1376 4025 1447 4110; x_wconf 80' lang='grc'>14);</span> 
     </span>
     <span class='ocr_line' id='line_1_35' title="bbox 185 4126 1448 4214; baseline 0 -26"><span class='ocrx_word' id='word_1_332' title='bbox 185 4129 413 4214; x_wconf 78' lang='lat' dir='ltr'><strong>»Adscripticii</strong></span> <span class='ocrx_word' id='word_1_333' title='bbox 435 4129 533 4192; x_wconf 88' lang='lat' dir='ltr'><strong>veluti</strong></span> <span class='ocrx_word' id='word_1_334' title='bbox 556 4127 680 4208; x_wconf 90' lang='lat' dir='ltr'><strong>quidam</strong></span> <span class='ocrx_word' id='word_1_335' title='bbox 704 4127 810 4206; x_wconf 90' lang='lat' dir='ltr'><strong>scripti</strong></span> <span class='ocrx_word' id='word_1_336' title='bbox 834 4126 1028 4202; x_wconf 87' lang='lat' dir='ltr'><strong>dicebantur,</strong></span> <span class='ocrx_word' id='word_1_337' title='bbox 1051 4127 1103 4208; x_wconf 91' lang='lat' dir='ltr'><strong>qui</strong></span> <span class='ocrx_word' id='word_1_338' title='bbox 1120 4128 1302 4208; x_wconf 88' lang='lat' dir='ltr'><strong>supplendis</strong></span> <span class='ocrx_word' id='word_1_339' title='bbox 1318 4127 1448 4208; x_wconf 89' lang='lat' dir='ltr'><strong>legioni·</strong></span> 
     </span>
     <span class='ocr_line' id='line_1_36' title="bbox 184 4227 1445 4310; baseline -0.001 -19"><span class='ocrx_word' id='word_1_340' title='bbox 184 4231 243 4292; x_wconf 91' lang='lat' dir='ltr'><strong>bus</strong></span> <span class='ocrx_word' id='word_1_341' title='bbox 276 4229 543 4294; x_wconf 87' lang='lat' dir='ltr'><strong>adscribebantur.</strong></span> <span class='ocrx_word' id='word_1_342' title='bbox 587 4229 654 4290; x_wconf 89' lang='lat' dir='ltr'><strong>Hos</strong></span> <span class='ocrx_word' id='word_1_343' title='bbox 687 4235 720 4290; x_wconf 89' lang='lat' dir='ltr'><strong>et</strong></span> <span class='ocrx_word' id='word_1_344' title='bbox 752 4248 895 4291; x_wconf 80' lang='lat' dir='ltr'><strong>necemus</strong></span> <span class='ocrx_word' id='word_1_345' title='bbox 927 4227 1083 4302; x_wconf 87' lang='lat' dir='ltr'><strong>dicebant,</strong></span> <span class='ocrx_word' id='word_1_346' title='bbox 1117 4231 1199 4310; x_wconf 90' lang='lat' dir='ltr'><strong>qnod</strong></span> <span class='ocrx_word' id='word_1_347' title='bbox 1228 4229 1268 4290; x_wconf 91' lang='lat' dir='ltr'><strong>ad</strong></span> <span class='ocrx_word' id='word_1_348' title='bbox 1292 4228 1445 4310; x_wconf 88' lang='lat' dir='ltr'><strong>legionum</strong></span> 
     </span>
     <span class='ocr_line' id='line_1_37' title="bbox 187 4329 1448 4410; baseline -0.003 -18"><span class='ocrx_word' id='word_1_349' title='bbox 187 4351 311 4394; x_wconf 91' lang='lat' dir='ltr'><strong>censum</strong></span> <span class='ocrx_word' id='word_1_350' title='bbox 336 4338 441 4394; x_wconf 89' lang='lat' dir='ltr'><strong>esseut</strong></span> <span class='ocrx_word' id='word_1_351' title='bbox 463 4330 640 4410; x_wconf 76' lang='lat' dir='ltr'><strong>adscriptio.</strong></span> <span class='ocrx_word' id='word_1_352' title='bbox 678 4329 730 4402; x_wconf 87' lang='lat' dir='ltr'><strong>Hi,</strong></span> <span class='ocrx_word' id='word_1_353' title='bbox 754 4329 805 4410; x_wconf 90' lang='lat' dir='ltr'><strong>qui</strong></span> <span class='ocrx_word' id='word_1_354' title='bbox 828 4349 887 4391; x_wconf 92' lang='lat' dir='ltr'><strong>uon</strong></span> <span class='ocrx_word' id='word_1_355' title='bbox 911 4347 1006 4408; x_wconf 89' lang='lat' dir='ltr'><strong>supra</strong></span> <span class='ocrx_word' id='word_1_356' title='bbox 1028 4337 1150 4392; x_wconf 82' lang='lat' dir='ltr'><strong>sextam</strong></span> <span class='ocrx_word' id='word_1_357' title='bbox 1167 4329 1297 4392; x_wconf 85' lang='lat' dir='ltr'><strong>classem</strong></span> <span class='ocrx_word' id='word_1_358' title='bbox 1313 4331 1448 4402; x_wconf 83' lang='lat' dir='ltr'><strong>fuerunt,</strong></span> 
     </span>
     <span class='ocr_line' id='line_1_38' title="bbox 186 4429 1447 4512; baseline -0.003 -18"><span class='ocrx_word' id='word_1_359' title='bbox 186 4433 271 4494; x_wconf 93' lang='lat' dir='ltr'><strong>nullo</strong></span> <span class='ocrx_word' id='word_1_360' title='bbox 295 4434 385 4496; x_wconf 90' lang='lat' dir='ltr'><strong>modo</strong></span> <span class='ocrx_word' id='word_1_361' title='bbox 408 4431 615 4494; x_wconf 83' lang='lat' dir='ltr'><strong>confundendi</strong></span> <span class='ocrx_word' id='word_1_362' title='bbox 640 4439 714 4492; x_wconf 91' lang='lat' dir='ltr'><strong>sunt</strong></span> <span class='ocrx_word' id='word_1_363' title='bbox 737 4450 805 4492; x_wconf 89' lang='lat' dir='ltr'><strong>cum</strong></span> <span class='ocrx_word' id='word_1_364' title='bbox 828 4429 909 4492; x_wconf 88' lang='lat' dir='ltr'><strong>binis</strong></span> <span class='ocrx_word' id='word_1_365' title='bbox 931 4429 993 4492; x_wconf 90' lang='lat' dir='ltr'><strong>illis</strong></span> <span class='ocrx_word' id='word_1_366' title='bbox 1016 4431 1163 4494; x_wconf 89' lang='lat' dir='ltr'><strong>centuriis</strong></span> <span class='ocrx_word' id='word_1_367' title='bbox 1186 4430 1359 4512; x_wconf 87' lang='lat' dir='ltr'><strong>aequaliter</strong></span> <span class='ocrx_word' id='word_1_368' title='bbox 1380 4437 1447 4490; x_wconf 89' lang='lat' dir='ltr'><strong>tum</strong></span> 
     </span>
     <span class='ocr_line' id='line_1_39' title="bbox 184 4529 1449 4618; baseline -0.002 -24"><span class='ocrx_word' id='word_1_369' title='bbox 184 4533 303 4612; x_wconf 89' lang='lat' dir='ltr'><strong>primae</strong></span> <span class='ocrx_word' id='word_1_370' title='bbox 340 4541 406 4596; x_wconf 91' lang='lat' dir='ltr'><strong>tum</strong></span> <span class='ocrx_word' id='word_1_371' title='bbox 441 4533 567 4614; x_wconf 89' lang='lat' dir='ltr'><strong>quintae</strong></span> <span class='ocrx_word' id='word_1_372' title='bbox 599 4531 691 4594; x_wconf 87' lang='lat' dir='ltr'><strong>classi</strong></span> <span class='ocrx_word' id='word_1_373' title='bbox 720 4531 851 4594; x_wconf 89' lang='lat' dir='ltr'><strong>adiectis</strong></span> <span class='ocrx_word' id='word_1_374' title='bbox 878 4529 1063 4615; x_wconf 86' lang='lat' dir='ltr'><strong>(secuudum</strong></span> <span class='ocrx_word' id='word_1_375' title='bbox 1087 4531 1215 4613; x_wconf 80' lang='lat' dir='ltr'><strong>Dionys.</strong></span> <span class='ocrx_word' id='word_1_376' title='bbox 1239 4531 1394 4618; x_wconf 78' lang='lat' dir='ltr'><strong>secundae</strong></span> <span class='ocrx_word' id='word_1_377' title='bbox 1417 4537 1449 4592; x_wconf 89' lang='lat' dir='ltr'><strong>et</strong></span> 
     </span>
     <span class='ocr_line' id='line_1_40' title="bbox 187 4627 1448 4718; baseline -0.003 -22"><span class='ocrx_word' id='word_1_378' title='bbox 187 4634 344 4718; x_wconf 87' lang='lat' dir='ltr'><strong>quartae),</strong></span> <span class='ocrx_word' id='word_1_379' title='bbox 368 4653 498 4716; x_wconf 88' lang='lat' dir='ltr'><strong>quarum</strong></span> <span class='ocrx_word' id='word_1_380' title='bbox 521 4641 590 4696; x_wconf 90' lang='lat' dir='ltr'><strong>erat</strong></span> <span class='ocrx_word' id='word_1_381' title='bbox 612 4627 809 4694; x_wconf 69' lang='grc' dir='ltr'><strong><em>ἀκολουθεῖν</em></strong></span> <span class='ocrx_word' id='word_1_382' title='bbox 831 4641 895 4704; x_wconf 77' lang='grc' dir='ltr'><strong><em>τοῖς</em></strong></span> <span class='ocrx_word' id='word_1_383' title='bbox 918 4630 1082 4706; x_wconf 71' lang='grc' dir='ltr'><strong><em>ἐνόπλοις,</em></strong></span> <span class='ocrx_word' id='word_1_384' title='bbox 1105 4635 1143 4696; x_wconf 89' lang='lat' dir='ltr'><strong>de</strong></span> <span class='ocrx_word' id='word_1_385' title='bbox 1166 4632 1277 4713; x_wconf 92' lang='lat' dir='ltr'><strong>quibus</strong></span> <span class='ocrx_word' id='word_1_386' title='bbox 1301 4631 1448 4694; x_wconf 88' lang='lat' dir='ltr'><strong>distincte</strong></span> 
     </span>
     <span class='ocr_line' id='line_1_41' title="bbox 185 4727 1446 4818; baseline -0.005 -20"><span class='ocrx_word' id='word_1_387' title='bbox 185 4735 370 4817; x_wconf 82' lang='lat' dir='ltr'><strong>Dionysius:</strong></span> <span class='ocrx_word' id='word_1_388' title='bbox 398 4730 480 4818; x_wconf 78' lang='grc' dir='ltr'><strong><em>ἦσαν</em></strong></span> <span class='ocrx_word' id='word_1_389' title='bbox 503 4734 537 4796; x_wconf 77' lang='grc' dir='ltr'><strong>δὲ</strong></span> <span class='ocrx_word' id='word_1_390' title='bbox 560 4737 624 4796; x_wconf 77' lang='grc' dir='ltr'><strong><em>τοῖν</em></strong></span> <span class='ocrx_word' id='word_1_391' title='bbox 646 4733 801 4818; x_wconf 76' lang='grc' dir='ltr'><strong>τεττάρων</strong></span> <span class='ocrx_word' id='word_1_392' title='bbox 823 4727 943 4797; x_wconf 78' lang='grc' dir='ltr'><strong><em>τούτων</em></strong></span> <span class='ocrx_word' id='word_1_393' title='bbox 965 4731 1022 4796; x_wconf 81' lang='lat' dir='ltr'><strong>tto</strong></span> <span class='ocrx_word' id='word_1_394' title='bbox 1043 4737 1103 4815; x_wconf 77' lang='grc' dir='ltr'><strong>μὲν</strong></span> <span class='ocrx_word' id='word_1_395' title='bbox 1125 4730 1368 4797; x_wconf 71' lang='lat' dir='ltr'><strong>intortunium</strong></span> <span class='ocrx_word' id='word_1_396' title='bbox 1390 4737 1446 4793; x_wconf 74' lang='grc' dir='ltr'><strong>καὶ</strong></span> 
     </span>
     <span class='ocr_line' id='line_1_42' title="bbox 182 4833 1449 4916; baseline -0.002 -18"><span class='ocrx_word' id='word_1_397' title='bbox 182 4837 345 4910; x_wconf 76' lang='grc' dir='ltr'><strong><em>τεκτόνων,</em></strong></span> <span class='ocrx_word' id='word_1_398' title='bbox 369 4835 426 4900; x_wconf 81' lang='grc' dir='ltr'><strong>δύο</strong></span> <span class='ocrx_word' id='word_1_399' title='bbox 448 4835 484 4900; x_wconf 79' lang='grc' dir='ltr'><strong>δὲ</strong></span> <span class='ocrx_word' id='word_1_400' title='bbox 506 4837 690 4899; x_wconf 76' lang='grc' dir='ltr'><strong><em>σαλπιστῶν</em></strong></span> <span class='ocrx_word' id='word_1_401' title='bbox 711 4859 742 4898; x_wconf 85' lang='lat' dir='ltr'><strong>es</strong></span> <span class='ocrx_word' id='word_1_402' title='bbox 765 4841 819 4898; x_wconf 80' lang='grc' dir='ltr'><strong>καὶ</strong></span> <span class='ocrx_word' id='word_1_403' title='bbox 841 4838 1043 4916; x_wconf 62' lang='lat' dir='ltr'><strong>persecando</strong></span> <span class='ocrx_word' id='word_1_404' title='bbox 1066 4841 1120 4896; x_wconf 80' lang='lat' dir='ltr'><strong>ani</strong></span> <span class='ocrx_word' id='word_1_405' title='bbox 1145 4837 1209 4898; x_wconf 77' lang='lat' dir='ltr'><strong>ecit</strong></span> <span class='ocrx_word' id='word_1_406' title='bbox 1231 4833 1341 4908; x_wconf 81' lang='grc' dir='ltr'><strong><em>ἄλλοις</em></strong></span> <span class='ocrx_word' id='word_1_407' title='bbox 1366 4840 1449 4896; x_wconf 77' lang='grc' dir='ltr'><strong><em>τισιν</em></strong></span> 
     </span>
    </p>
   </div>
   <div class='ocr_carea' id='block_1_3' title="bbox 0 0 1801 5632">
    <p class='ocr_par' dir='ltr' id='par_1_5' title="bbox 0 0 1801 5632">
     <span class='ocr_line' id='line_1_43' title="bbox 0 0 1801 5632; baseline 0 0"><span class='ocrx_word' id='word_1_408' title='bbox 0 0 1801 5632; x_wconf 95' lang='lat' dir='ltr'><strong> </strong></span> 
     </span>
    </p>
   </div>
  </div>
 </body>
</html>
