3574 5632
337 625 539 699 Epilegomena
560 628 596 684 ad
619 627 651 684 T.
675 626 747 686 Livii
769 625 872 683 librum
896 629 1057 686 vicesimum
1080 629 1209 700 primum.
1375 627 1414 686 45

142 796 236 860 alibi
262 799 352 862 st.
381 801 455 865 Wfl.
478 801 530 875 44,
552 801 604 875 43,
626 801 646 864 3
668 802 800 882 Equites
823 802 875 864 alii
899 801 961 863 alia
982 801 1014 863 in
1037 801 1181 864 civitates
1203 821 1276 864 suas
1299 801 1413 882 dilapsi

142 906 240 961 sunt.
294 901 341 964 cf.
374 901 426 976 43,
451 901 499 976 19,
522 903 541 964 3
564 912 596 964 11
618 904 770 965 transitus
793 923 831 965 ea
852 903 953 964 estin
976 903 1142 964 Labeates.
1186 903 1237 976 38,
1259 904 1310 976 30,
1333 897 1353 964 7
1376 911 1411 965 11

146 999 263 1080 aliqua
294 1002 424 1064 liberum
455 1005 494 1064 ad
519 1021 602 1065 mare
624 1003 778 1066 haberent
800 1003 929 1065 aditum.
973 1003 1003 1076 4,
1025 1001 1076 1075 39,
1099 1005 1128 1064 2.
1151 1003 1184 1076 5,
1203 1003 1255 1076 43,
1277 1005 1306 1064 2.
1330 1001 1360 1077 9,
1382 1006 1413 1077 2,

145 1099 185 1162 5.
219 1137 260 1148 -
292 1102 339 1163 Ib.
373 1123 435 1186 qua
468 1103 543 1165 Asc.
577 1101 673 1166 Gron.
706 1105 791 1184 Mvg.
814 1125 893 1188 qaae
916 1103 984 1166 cdd.
1010 1103 1037 1163 1.
1060 1104 1090 1168 3.
1113 1104 1196 1184 Mog.
1220 1103 1294 1166 Ald.
1317 1103 1410 1166 Grut.

148 1199 254 1264 Grou.
279 1203 368 1266 Crev.
390 1204 488 1266 Drak.
511 1205 589 1266 Tab.
612 1204 702 1267 st.
725 1206 800 1267 Wd.
843 1205 912 1267 Non
942 1211 1011 1268 tuta
1032 1205 1179 1266 Afrorum
1203 1205 1285 1267 acies
1308 1203 1411 1267 Galli-

147 1302 200 1364 111
222 1303 347 1366 auxiliis
368 1305 495 1367 firmata
516 1314 593 1379 erat,
616 1308 670 1368 sed
693 1326 731 1368 ea
752 1325 825 1386 pars
848 1305 925 1385 eius,
949 1325 1010 1385 qua
1031 1306 1136 1366 decem
1159 1305 1215 1366 illa
1237 1305 1410 1368 111111111-

149 1421 316 1466 manorum
338 1415 554 1486 perruperunt.
597 1407 664 1468 Pol.
687 1408 717 1479 3,
740 1400 791 1480 74,
812 1407 834 1468 4
856 1415 888 1468 11
910 1401 960 1479 72,
982 1405 1012 1466 8.

240 1504 291 1580 66,
323 1505 344 1566 8
377 1507 558 1570 sauciorum
585 1529 622 1570 11
644 1529 759 1590 mayoc
775 1517 870 1591 porte
894 1527 910 1568 e
934 1505 1094 1568 coniectua
1115 1504 1319 1588 Heerwageni
1342 1507 1410 1568 edd.

150 1605 316 1668 recentiss.
370 1627 407 1668 aa
429 1629 545 1690 mopere
562 1618 655 1692 parte
678 1609 746 1669 cdd.
771 1608 839 1671 edd.
862 1609 907 1670 Et
928 1606 1077 1688 Polybius
1100 1607 1145 1691 (3,
1169 1601 1225 1687 74)
1249 1615 1281 1669 11
1302 1607 1410 1668 Livius

153 1713 296 1780 narrant,
332 1708 436 1770 decem
471 1709 558 1770 milia
589 1709 798 1770 Romanorum
832 1715 981 1788 perrupta
1014 1707 1148 1769 hostium
1183 1708 1250 1770 acie
1272 1709 1411 1771 conserto

154 1806 280 1887 agmine
312 1807 505 1871 Placentiam
537 1809 723 1889 pervenisse,
747 1827 912 1890 eorumque
934 1808 1067 1886 vestigia
1088 1816 1211 1871 secutus
1234 1829 1271 1872 ex
1294 1809 1411 1889 reliquo

154 1907 294 1970 exercitu
328 1916 360 1970 et
392 1910 515 1989 pedites
547 1919 580 1972 et
611 1910 762 1990 imprimis
795 1911 924 1990 equites,
958 1909 1010 1990 qui
1038 1929 1093 1988 per
1115 1928 1205 1990 agros
1227 1911 1327 1990 sparsi
1351 1927 1410 1970 uon

153 2009 321 2089 intercepti
346 2019 451 2072 esseut
472 2012 513 2072 ab
535 2011 687 2086 hostibus,
710 2013 817 2074 eodem
840 2011 870 2072 iu
895 2010 963 2072 loca
984 2017 1056 2071 tuta
1077 2030 1111 2072 se
1123 2011 1286 2092 recepisse.
1329 2007 1412 2091 (Fu-

155 2108 217 2172 isse
251 2110 330 2172 enim
363 2111 394 2172 in
426 2111 570 2174 inferiore
603 2120 693 2193 parte
722 2112 854 2174 Trebiae
876 2118 1002 2191 pontem
1024 2111 1190 2174 verisimile
1214 2112 1286 2195 est).
1331 2111 1411 2172 Tum

155 2229 229 2272 vero
261 2212 345 2273 solus
378 2211 456 2274 baec
478 2212 566 2276 addit
587 2212 706 2287 Livius,
728 2213 815 2285 alios,
839 2213 890 2294 qui
913 2219 998 2274 metu
1024 2213 1122 2273 coacti
1145 2213 1258 2274 flumen
1280 2211 1410 2293 ingressi

158 2319 272 2385 essent,
308 2312 339 2375 11
363 2321 468 2375 castra
489 2313 679 2393 pervenisse,
702 2313 813 2375 deiude
837 2320 926 2375 nocte
948 2313 1124 2392 insequenti
1146 2313 1334 2393 praesidium
1358 2331 1413 2373 ca-

156 2419 289 2474 strorum
326 2421 359 2475 et
392 2415 472 2495 quod
506 2414 657 2496 reliquum
687 2414 765 2497 (iam
787 2414 944 2476 intercidit
968 2412 1102 2495 aliquid)
1125 2433 1162 2475 ex
1186 2432 1299 2494 magna
1321 2420 1411 2493 parte

158 2512 290 2575 militum
305 2521 388 2576 esset
409 2515 531 2577 ratibus
553 2515 698 2577 Trebiam
721 2515 891 2589 traiecisse,
914 2514 1097 2596 quietisque,
1120 2522 1156 2575 ut
1178 2515 1230 2594 qui
1252 2514 1413 2576 nibilsen·

154 2612 261 2688 tirent,
294 2614 406 2678 Poenis
439 2616 536 2678 tacito
566 2617 687 2697 agmine
710 2617 750 2677 ab
773 2615 917 2696 Scipione
939 2615 1064 2677 consule
1087 2615 1255 2677 exercitum
1278 2615 1413 2677 Placen-

155 2713 233 2776 tiam
266 2735 333 2778 esse
366 2716 548 2797 perductum
583 2725 677 2798 atque
709 2716 781 2778 inde
804 2717 891 2778 Pado
913 2714 1089 2789 traiectum,
1111 2724 1147 2777 ut
1170 2715 1340 2778 Cremonae
1362 2715 1412 2776 hi-

156 2814 312 2890 bernaret,
347 2816 479 2880 alterum
509 2825 614 2879 autem
637 2816 806 2879 exercitum
831 2816 1022 2879 consularem
1044 2816 1226 2878 Placentiae
1250 2816 1411 2878 mansisse.

240 2915 293 2979 Sic
326 2916 420 2979 etiam
454 2925 528 2980 ante
562 2920 730 2980 adveutum
766 2917 941 2998 Sempronii
974 2924 1064 2979 nocte
1097 2919 1231 2998 quadam
1262 2917 1358 2981 caede
1379 2918 1409 2979 in

156 3016 309 3096 prioribus
342 3019 453 3080 castris
485 3020 634 3082 Romanis
663 3019 702 3080 ab
726 3018 929 3082 auxiliaribus
955 3016 1057 3081 Gallis
1081 3019 1167 3080 facta
1189 3037 1215 3080 1.
1237 3018 1279 3080 48
1301 3037 1411 3082 narra·

157 3127 246 3179 verat
267 3118 376 3184 Livius
398 3119 573 3200 Scipionem
598 3120 752 3184 consulem
776 3129 866 3182 nocte
887 3119 1062 3200 insequenti
1084 3119 1182 3180 tacito
1205 3120 1326 3199 agmine
1338 3137 1411 3200 prc-

158 3218 272 3282 fectum
307 3219 347 3282 ad
370 3219 514 3282 Trebiam
539 3221 664 3283 fluvium
687 3221 718 3283 in
742 3221 811 3283 loca
832 3221 945 3282 altiora
968 3220 1121 3300 collesque
1144 3220 1354 3300 impeditiores
1378 3241 1412 3283 e·

158 3319 236 3398 qniti
259 3327 363 3382 castra
392 3319 524 3383 movisse
547 3341 583 3383 ac
606 3322 751 3384 Trebiam
773 3329 1000 3402 transgressum
1028 3321 1138 3395 locum,
1160 3321 1212 3401 qui
1235 3339 1331 3401 prope
1353 3322 1412 3383 ilu-

158 3439 226 3482 meu
261 3421 437 3484 tutissimus
458 3421 584 3484 stativis
607 3430 690 3485 esset
714 3423 807 3496 visus,
829 3423 983 3485 delectum
1006 3422 1238 3497 communiisse;
1261 3441 1318 3484 nec
1339 3441 1412 3501 pro-

159 3521 208 3582 cul
239 3521 311 3584 inde
345 3523 466 3585 Poenos
494 3525 679 3597 consedisse,
702 3523 813 3605 quibus
836 3525 875 3586 ad
898 3523 1043 3585 Trebiam
1067 3521 1247 3585 sedentibus
1268 3522 1411 3585 horreum

158 3629 241 3684 esset
263 3621 460 3686 Clastidium·
473 3625 646 3702 proditioue
669 3632 805 3704 captum.
848 3624 960 3704 Itaque
980 3643 1075 3704 prope
1087 3623 1169 3685 hunc
1183 3623 1309 3684 fluvium
1322 3625 1412 3685 Han-

157 3722 241 3784 nibal
265 3724 304 3784 ad
327 3725 517 3788 occidentem
542 3745 649 3787 versus
673 3732 777 3788 castra
798 3725 947 3798 habebat,
970 3723 1075 3805 Scipio
1099 3724 1139 3786 ad
1157 3723 1304 3786 orientem
1319 3723 1411 3788 Seru-

157 3822 296 3902 proniurn
321 3826 360 3886 ab
382 3826 524 3888 Arimino
548 3834 743 3906 exspectans.

241 3924 293 3986 Ab
326 3945 364 3987 ea
395 3927 491 4008 igitur
522 3935 612 4007 parte
647 3927 778 3988 Trebiae
812 3925 907 4000 fluvii,
941 3945 1002 4007 qua
1025 3926 1064 3986 ad
1088 3925 1278 3987 occidentem
1301 3925 1411 4006 vergit,

158 4043 251 4104 grave
283 4025 359 4089 illud
388 4028 537 4108 proelium
560 4029 677 4090 factum
702 4034 764 4103 est;
787 4034 859 4107 pust
879 4025 911 4088 id
933 4045 1006 4088 vero
1028 4025 1215 4106 praesidium
1240 4034 1408 4088 castrorum

155 4143 224 4187 cnm
257 4127 376 4208 reliqna
409 4136 498 4208 parte
529 4128 693 4203 exercitus,
717 4147 795 4208 quae
818 4145 885 4189 cum
910 4127 1054 4208 Scipione
1075 4126 1107 4188 in
1130 4127 1241 4188 castris
1263 4127 1412 4189 Romanis

158 4227 271 4300 fuerat,
295 4235 330 4290 nt
351 4228 545 4291 Placentiam
569 4231 799 4308 perduceretur,
822 4228 967 4290 Trebiam
990 4228 1150 4290 traiecisse
1173 4247 1232 4290 non
1255 4236 1341 4290 recte
1362 4229 1411 4289 di-

157 4325 247 4389 citur.
295 4327 361 4390 Nec
388 4329 533 4392 videntur
557 4330 588 4391 in
612 4337 716 4392 castra
739 4330 781 4391 ad
803 4329 978 4408 Scipionem
1003 4327 1099 4390 saucii
1121 4347 1160 4390 ex
1181 4328 1297 4390 recenti
1320 4346 1411 4408 proe-

157 4427 198 4489 lio
231 4429 391 4507 pervenire
413 4431 563 4510 potuisse,
589 4431 647 4492 nisi
671 4433 778 4493 credas
801 4449 853 4492 eos
876 4437 1000 4510 praeter
1023 4437 1140 4491 ceteros
1163 4430 1203 4491 ad
1226 4429 1338 4490 flumen
1360 4429 1410 4490 in-

157 4529 355 4607 grediendum
380 4531 514 4594 audaces
537 4531 641 4593 fuisse.
686 4530 748 4601 uui
770 4550 842 4593 vero
864 4530 895 4592 in
918 4530 1033 4610 proelio
1057 4530 1140 4592 ultra
1161 4529 1302 4592 Ticinum
1325 4531 1410 4591 iacto

157 4629 312 4692 vulnerati
346 4632 480 4694 nondum
515 4632 746 4705 convaluerant,
780 4640 844 4693 tum
879 4630 910 4691 hi
940 4638 1005 4692 tum
1036 4631 1088 4692 alii
1111 4632 1151 4692 ad
1174 4648 1262 4692 arma
1283 4630 1409 4692 inutiles

155 4729 286 4792 invalidi
320 4732 533 4813 potiusquam
556 4733 652 4794 saucii
676 4743 765 4795 erant
788 4732 976 4813 appellandi.
1021 4731 1126 4793 Saueii
1150 4731 1228 4793 enim
1254 4731 1409 4804 dicuntur,

155 4849 284 4911 quorum
307 4833 419 4894 vulnus
442 4842 490 4895 est
511 4853 627 4906 recens,
651 4841 685 4895 11
707 4834 758 4908 21,
780 4829 831 4907 57,
853 4833 874 4894 8
899 4833 1023 4896 saueius
1046 4833 1204 4894 Hannibal
1227 4851 1331 4911 pugna
1353 4851 1410 4914 err·
