3574 5632
373 589 410 642 10
567 585 763 656 Epilegomene
785 586 819 640 ud
843 587 874 640 T.
898 585 969 641 hivii
991 588 1093 642 librum
1117 587 1276 642 vicesimum
1300 588 1430 658 primum.

370 761 485 842 passivi
520 759 708 822 dissentiunt
741 759 797 822 viri
826 760 1005 822 doctissimi.
1055 762 1372 825 Haechabethb.
1396 762 1489 835 adl),
1514 759 1564 833 18,
1588 753 1627 821 7:

370 861 494 924 «Livius
516 861 697 923 bezeichnet
723 861 772 922 die
795 861 1021 943 beabsichtigte
1043 863 1212 944 Handlung
1235 863 1329 924 durch
1354 883 1387 924 se
1405 861 1628 942 praecipitare,

356 965 420 1026 .dic
454 963 540 1024 nicht
563 962 789 1042 beabsichtigtc
813 961 908 1023 durch
932 963 980 1025 die
1004 965 1105 1025 active
1127 965 1219 1025 Form
1242 964 1272 1025 in
1296 965 1454 1026 neutraler
1476 965 1553 1024 oder
1574 981 1628 1022 re-

370 1063 508 1135 flexiver,
531 1064 626 1125 durch
650 1064 698 1125 die
722 1063 844 1143 passive
867 1064 897 1124 in
923 1064 1071 1126 medialer
1092 1066 1305 1146 Bedeutung.»
1349 1066 1540 1145 Mvgautem
1555 1063 1626 1124 Em.

368 1166 438 1227 Liv.
471 1183 500 1243 p.
538 1157 597 1226 170
630 1163 762 1237 Livium,
797 1164 851 1238 ait,
880 1165 917 1226 de
940 1165 988 1238 111,
1012 1167 1061 1247 qui
1085 1166 1115 1227 in
1139 1166 1268 1227 insidias
1292 1167 1397 1228 locave
1419 1165 1528 1245 iniqua
1551 1183 1626 1226 casu

369 1265 519 1338 incidant,
553 1285 611 1327 non
646 1266 685 1327 ab
720 1265 788 1326 aliis
816 1265 993 1340 trudantur,
1017 1287 1075 1328 non
1100 1267 1188 1328 modo
1211 1268 1401 1348 plerumque,
1424 1267 1478 1328 sed
1502 1283 1627 1344 semper

368 1367 470 1429 activo
503 1365 561 1427 hoc
592 1367 685 1428 verbo
720 1386 773 1446 pro
806 1366 1003 1428 intransitivo
1037 1387 1125 1429 nsum
1150 1388 1227 1440 esse,
1250 1369 1328 1430 haec
1351 1369 1468 1429 addens
1492 1387 1522 1446 p.
1549 1360 1624 1428 171:

369 1468 431 1530 Ubi
454 1467 576 1546 proprie
599 1469 636 1528 de
661 1467 842 1529 cadentibus
871 1467 901 1528 in
925 1487 1073 1548 praeceps
1097 1468 1209 1548 agitur,
1233 1469 1326 1530 etiem
1351 1469 1510 1548 passivum
1533 1467 1626 1546 poni-

370 1577 435 1644 tur;
459 1568 601 1648 exempla
624 1569 720 1630 affert
741 1569 791 1642 22,
815 1567 844 1640 6,
867 1568 896 1642 1;
920 1567 970 1642 36,
994 1571 1043 1642 30,
1065 1570 1096 1644 4;
1118 1568 1169 1642 38,
1193 1573 1222 1642 2,
1249 1570 1295 1631 14.
1340 1570 1461 1650 Itaque,
1485 1569 1537 1630 ubi
1551 1587 1625 1647 pro-

370 1670 435 1749 prie
469 1671 505 1731 de
539 1669 576 1729 iis
612 1670 743 1741 dicetur,
773 1689 851 1750 quae
875 1669 905 1728 in
930 1678 1024 1750 caput
1046 1672 1186 1734 deorsum
1212 1672 1361 1744 ferantur,
1384 1670 1495 1732 «etiam
1521 1669 1625 1748 passi-

369 1790 458 1832 vum»
491 1771 565 1848 (non
595 1771 684 1832 modo
708 1769 861 1853 activum)
885 1771 971 1850 poni;
995 1792 1054 1852 quo
1078 1773 1200 1852 quidem
1226 1791 1281 1833 usu
1301 1771 1423 1851 proprio
1447 1771 1506 1832 dici
1530 1777 1625 1850 potu-

370 1872 431 1932 isse
464 1872 514 1944 25,
540 1872 588 1944 ll,
611 1871 630 1932 6
653 1871 776 1950 plurimi
800 1871 830 1931 in
855 1872 969 1932 fossam
993 1873 1191 1952 praecipitati
1215 1880 1298 1945 sunt,
1321 1867 1372 1946 27,
1398 1871 1445 1944 16,
1468 1872 1488 1933 4
1511 1871 1542 1932 11
1567 1890 1624 1950 pu-

370 1981 453 2035 teum
479 1980 618 2051 apertum
644 1992 681 2033 ex
705 1992 782 2052 equo
805 1972 1044 2051 praecipitatum
1070 1994 1152 2049 esse3
1175 1975 1252 2034 haec
1274 1981 1378 2034 tamen
1398 1973 1469 2052 ipsa
1481 1971 1625 2051 exempla

370 2074 451 2135 inter
485 2093 521 2134 11
554 2073 677 2146 statuit,
711 2072 762 2133 ubi
793 2092 931 2151 «semper
954 2074 1073 2136 activo»
1097 2082 1204 2136 utatur
1227 2074 1334 2135 Livius
1387 2075 1436 2136 Ea
1458 2073 1554 2153 igitur
1577 2072 1623 2133 di·

370 2173 495 2236 stinctio
529 2194 587 2235 non
622 2174 700 2235 satis
734 2181 810 2254 apta
843 2173 975 2235 videtur.
1019 2176 1053 2236 In
1076 2175 1108 2236 id
1132 2183 1215 2237 certe
1238 2175 1336 2236 tutius
1361 2173 1552 2254 comparatio
1575 2173 1624 2234 in-

369 2275 517 2346 tenditur,
551 2282 653 2335 utrum
689 2274 757 2355 quis
793 2294 866 2336 casu
900 2284 994 2356 atque
1022 2276 1233 2356 imprudenter
1256 2275 1400 2356 nulloque
1423 2295 1479 2336 suo
1502 2275 1621 2344 merito,

369 2397 406 2438 an
441 2376 602 2437 voluntate
631 2377 767 2455 dataque
801 2395 895 2456 opera
928 2385 984 2437 aut
1006 2378 1173 2439 temerarie
1196 2377 1305 2458 agendi
1329 2377 1449 2438 ratione
1472 2394 1621 2455 praeceps

368 2479 494 2539 feratur.
551 2477 721 2557 Utriusque
744 2477 863 2556 generis
887 2479 1029 2557 exempla
1052 2479 1155 2539 activa
1177 2478 1239 2539 iam
1264 2478 1361 2539 allate
1384 2485 1473 2553 sunt;
1496 2475 1623 2556 passiva

368 2587 483 2650 antem,
519 2578 570 2639 ubi
604 2577 687 2639 absit
721 2577 878 2638 consilium
916 2586 948 2640 et
980 2579 1137 2652 delictum,
1171 2580 1274 2641 media
1296 2599 1363 2641 esse
1385 2578 1620 2640 monstrandum

369 2688 425 2742 est.
481 2679 532 2751 25,
561 2679 653 2752 241
681 2678 734 2739 1111
757 2679 849 2740 111111
872 2681 909 2740 de
933 2699 1018 2742 muro
1042 2681 1302 2761 praecipitarique
1325 2680 1419 2741 turba
1441 2677 1621 2758 paventium

368 2780 539 2862 (cstiirzten
574 2780 614 2840 im
650 2779 800 2842 Gewiihle
835 2780 889 2842 der
911 2782 1074 2861 Zagcnden
1098 2780 1239 2864 herabo),
1262 2780 1312 2854 38,
1335 2783 1364 2854 2,
1391 2781 1429 2842 14
1452 2779 1542 2840 multi
1567 2799 1623 2858 pa·

369 2901 441 2942 vore
474 2880 505 2940 in
540 2882 672 2960 derupta
700 2881 897 2960 praecipitati
921 2881 1066 2962 (Temere
1089 2883 1119 2943 id
1144 2883 1260 2943 lactum
1286 2882 1359 2965 est),
1383 2881 1435 2962 36,
1457 2881 1509 2954 30,
1531 2879 1552 2941 4
1575 2879 1623 2940 11-

368 2989 474 3044 menta
507 2981 606 3042 multa
639 3001 677 3043 ex
711 2982 832 3062 agmine
867 2983 1074 3062 praecipitata
1107 3003 1174 3044 cum
1207 2983 1283 3063 ipsis
1306 2983 1449 3044 oneribus
1472 2990 1547 3043 sunt
1570 2978 1621 3062 (In

369 3085 436 3145 loca
469 3081 576 3162 iniqua
610 3101 682 3143 casu
715 3083 1620 3166 1111111111),22,611111111111111111111111111

367 3184 419 3246 alii
454 3183 698 3264 praecipitantur
731 3182 783 3266 (In
818 3186 891 3265 fuga
925 3186 1132 3267 calamitosa).
1183 3186 1300 3248 Eadem
1324 3185 1371 3246 ris
1394 3184 1481 3247 verbi
1503 3182 1619 3263 passivi

368 3284 472 3348 media
504 3285 553 3346 vel
586 3285 787 3346 intransitiva
820 3289 901 3366 apud
931 3287 1008 3349 elios
1032 3288 1197 3366 scriptores
1220 3287 1386 3366 reperitur:
1410 3285 1468 3348 Ov.
1492 3285 1570 3346 Met.
1591 3285 1620 3357 4,

368 3387 408 3450 92
442 3387 505 3459 lux,
529 3387 617 3449 tarde
641 3386 787 3448 decedere
810 3388 888 3458 visa,
911 3389 1136 3469 praecipitatur
1158 3389 1257 3469 aquis,
1280 3390 1367 3449 Fast.
1391 3388 1421 3460 4,
1448 3385 1505 3448 164
1529 3386 1621 3449 Scor-

368 3487 434 3569 pios
467 3487 497 3548 in
531 3487 644 3548 virides
678 3487 1621 3571 111111111111111111,0111.9,36,201111111111111-

368 3589 419 3670 gia
451 3588 514 3649 alia
547 3589 794 3669 praecipitantur
826 3590 856 3652 in
891 3610 1008 3671 proras,
1043 3591 1156 3653 111111
1181 3591 1282 3652 111111
1305 3590 1520 3670 procumbunt,
1545 3587 1622 3651 Sall.

368 3690 435 3770 Ing.
472 3690 519 3762 14,
552 3691 593 3751 23
626 3688 672 3752 At
707 3710 761 3771 ego
795 3692 913 3766 infelix,
936 3693 967 3754 in
991 3699 1082 3754 tanta
1104 3693 1188 3754 11111
1210 3691 1436 3772 praecipitatus
1459 3709 1497 3752 ex
1520 3687 1623 3769 patrio

368 3809 471 3871 regno.
526 3790 623 3852 Immo
654 3810 720 3853 cum
757 3791 846 3855 Livio
880 3793 1110 3875 comparatione
1139 3795 1224 3855 lacta
1246 3793 1438 3872 promiscuus
1462 3791 1526 3852 lere
1550 3809 1623 3853 usus

368 3891 461 3954 activi
486 3898 517 3952 et
539 3891 656 3970 passivi
678 3892 868 3955 intransitivi
891 3896 1030 3959 videtur:
1054 3895 1141 3958 Gurt.
1164 3893 1194 3968 8,
1216 3894 1267 3966 41,
1289 3895 1329 3955 23
1352 3892 1516 3973 Multique,
1538 3898 1623 3953 tam-

369 4011 461 4074 quam
498 3993 623 4054 adesset
649 3993 758 4068 hostie,
782 4013 836 4074 per
858 3995 978 4059 lubrica
999 4015 1077 4058 saxa
1099 4014 1214 4076 perque
1235 3995 1336 4056 invias
1359 4001 1444 4056 cotes
1467 3993 1622 4072 praecipi-

367 4093 445 4156 tati
468 4093 655 4167 occiderunt,
684 4096 722 4157 11.
745 4095 813 4156 Liv.
837 4095 887 4170 39,
910 4101 940 4172 2,
963 4099 981 4159 3
1005 4117 1060 4177 per
1080 4096 1165 4158 invia
1188 4104 1220 4157 11
1242 4115 1333 4176 rupes
1357 4096 1505 4175 deruptas
1529 4113 1621 4174 prae-

369 4194 565 4275 cipitantes
600 4196 760 4276 fugerunt;
793 4197 870 4260 lust.
906 4199 956 4274 32,
995 4200 1007 4260 l
1044 4199 1264 4278 Philopoemen
1298 4196 1328 4258 in
1360 4196 1494 4259 transitu
1518 4197 1621 4258 111111

368 4314 446 4377 equo
481 4294 727 4375 praecipitatus
761 4319 780 4359 1
814 4300 1013 4362 multitudine
1046 4300 1179 4362 hostium
1215 4317 1381 4379 oppressus
1409 4305 1466 4371 est,
1490 4297 1529 4358 11.
1553 4297 1620 4359 Liv.

367 4391 419 4470 27,
443 4396 491 4470 16,
514 4397 535 4458 4
557 4396 707 4460 creditum
731 4435 772 4445 —
795 4420 833 4462 ex
856 4421 933 4483 equo
956 4400 1211 4482 praesipitasse.

451 4499 509 4560 His
542 4499 731 4578 praemissis,
766 4510 810 4574 ut,
838 4521 929 4584 quam
954 4503 1018 4564 late
1041 4510 1151 4582 pateat
1173 4501 1219 4562 vis
1243 4500 1345 4562 media
1367 4500 1458 4562 huius
1481 4499 1577 4571 verbi,
1600 4499 1620 4559 ii

368 4599 438 4674 loci,
472 4618 598 4680 quorum
633 4601 787 4682 scriptura
820 4603 915 4666 dubia
948 4604 1016 4664 visa
1049 4611 1107 4676 est,
1130 4609 1396 4682 recognoscantur.
1441 4595 1470 4674 7,
1492 4600 1523 4674 6,
1546 4599 1621 4662 911

369 4700 506 4762 insidias
522 4702 792 4785 praecipitaretur·
814 4705 924 4766 nititur
947 4705 1134 4767 auctoritate
1148 4703 1312 4784 praecipue
1324 4703 1461 4764 codicum
1477 4701 1620 4765 ORDFU

368 4801 564 4882 omniumque
601 4803 669 4865 edd.
693 4811 766 4866 ante
788 4806 897 4880 Drak,
920 4806 968 4867 oui
991 4825 1046 4886 per
1067 4805 1162 4869 Gron.
1186 4812 1293 4866 notum
1317 4812 1385 4866 1111
1406 4804 1439 4865 Μ
1456 4803 1621 4888 praecepi·
