3584 5632
527 583 730 660 Epilegomena
751 584 794 646 ad¹
810 584 842 640 Τ.
865 583 938 642 Livii
959 583 1063 640 librum
1083 583 1215 654 primum.
1458 581 1498 644 39

216 759 324 840 qnod
346 763 454 839 aperte
474 759 590 822 salsum
614 763 673 834 est,
695 775 764 822 cnm
787 756 929 839 quaestio
951 756 994 820 sit
1016 756 1054 820 de
1075 757 1212 822 Etrusca
1233 765 1335 838 66616,
1352 757 1499 841 adquam

216 859 350 924 Volsci
382 879 443 924 non
475 858 685 942 pertinebant.
730 857 765 922 Si
793 878 825 921 er
850 857 970 932 Tuscia,
991 858 1022 920 id
1045 860 1127 940 quod
1148 859 1240 924 hodie
1261 859 1367 940 placet
1387 859 1501 940 pleris-

229 980 314 1043 que,
337 961 465 1026 aLivio
488 960 638 1042 scriptum
660 966 754 1035 esset,
777 977 816 1024 ex
839 978 957 1022 eonon
979 959 1092 1022 uolscis
1115 967 1172 1024 aut
1192 960 1292 1024 simile
1315 961 1499 1027 exstitisset.

233 1061 357 1126 Gentis
383 1082 494 1126 nornen
522 1061 572 1125 hic
600 1059 725 1125 minime
754 1059 963 1125 neceesarium
986 1080 1053 1124 esse
1074 1060 1138 1124 iam
1159 1061 1269 1144 Hayne
1291 1069 1325 1126 61
1344 1064 1429 1126 Voss
1449 1062 1501 1126 iu·

235 1163 440 1230 tellexernnt.

327 1263 377 1338 24,
400 1265 419 1327 3
443 1265 532 1328 coice
554 1261 693 1328 exhiberi
714 1282 734 1325 a
756 1262 824 1326 cdd.
846 1263 873 1325 B
894 1262 992 1344 Megl.
1014 1262 1082 1344 (qui
1104 1263 1283 1345 discrepant
1298 1266 1339 1328 ab
1357 1262 1500 1350 optimis)

241 1367 307 1431 iam
329 1365 434 1432 docuit
454 1367 617 1430 Riemann.
661 1363 714 1428 Sic
736 1363 796 1444 legi
817 1362 849 1426 in
873 1364 920 1426 ed.
943 1363 972 1426 3.
995 1363 1069 1426 Ald.
1092 1365 1175 1448 Mag.
1198 1363 1272 1428 Sob.
1294 1365 1387 1428 Frob.
1406 1364 1498 1430 Grnt.

242 1466 417 1532 Revocavit
438 1474 543 1530 autem
566 1463 752 1539 Gronovius,
774 1464 939 1546 quodiam
961 1465 993 1526 in
1016 1465 1063 1527 ed.
1089 1466 1116 1528 l.
1139 1466 1252 1540 fuerat,
1270 1473 1365 1548 atque
1378 1468 1418 1530 ab
1432 1466 1500 1548 ipso

243 1569 419 1649 inceptem
442 1587 515 1632 1666.
538 1566 700 1630 inventum
723 1572 801 1639 erat,
824 1565 982 1649 caiusque,
1005 1573 1041 1628 61
1063 1567 1143 1648 quod
1166 1567 1319 1632 redoleret
1340 1574 1500 1632 vetustum

242 1689 415 1735 sermonem
438 1669 470 1732 in
492 1667 632 1734 formulis
654 1675 822 1730 servatum.
866 1667 1049 1730 Probabant
1070 1675 1246 1750 sequentes,
1269 1667 1364 1732 etiam
1385 1668 1417 1732 iu
1434 1668 1500 1749 611-

244 1771 304 1835 mis
333 1771 402 1834 edd.
431 1769 663 1843 Weissenborn,
685 1773 792 1832 tamen
814 1767 973 1849 praeclare
996 1769 1165 1830 admonens
1187 1769 1283 1832 talem
1305 1790 1394 1834 nsum
1416 1769 1501 1833 illins

244 1870 331 1935 verbi
364 1891 476 1934 novum
510 1889 578 1934 esse
608 1877 641 1933 et
668 1869 854 1943 inauditum,
878 1869 1000 1932 etiamsi
1023 1868 1208 1954 quandoque
1230 1890 1250 1932 a
1271 1870 1360 1934 Livio
1383 1870 1500 1935 dictum

244 1980 406 2054 66661616
429 1973 694 2054 quandocumque,
717 1969 846 2054 quisque
868 1987 923 2050 pro
945 1977 1086 2052 uterque,
1108 1971 1250 2053 deniqne,
1272 1972 1304 2035 id
1321 1973 1403 2053 quod
1418 1973 1502 2053 apnd
1559 1991 1562 2006 ·

245 2074 436 2139 Gronovium
458 2073 612 2148 valuerat,
635 2071 764 2154 quisquo
786 2091 807 2132 a
827 2069 942 2134 Plauto
965 2090 1019 2152 pro
1042 2071 1237 2157 quicumque.
1275 2071 1344 2135 Nisi
1367 2072 1447 2135 enirn
1465 2079 1502 2136 ut

244 2176 477 2258 utriuaoumque
503 2174 561 2237 hoc
582 2173 649 2236 loco
670 2173 703 2235 in
725 2179 761 2236 ut
783 2170 929 2254 cuiusque
952 2180 1175 2238 commutatum
1199 2173 1250 2248 611,
1273 2174 1354 2256 quod
1377 2173 1501 2256 qnidam

243 2275 441 2358 longinquius
474 2281 524 2338 est
550 2272 627 2359 (vid.
656 2272 733 2338 coll.
763 2274 831 2336 cdd.
858 2271 927 2336 Liv.
955 2293 986 2353 p.
1008 2271 1075 2354 83),
1097 2274 1208 2338 vitione
1230 2295 1289 2359 qae
1310 2275 1502 2356 adscriptum

245 2397 313 2442 esee
341 2377 543 2440 statuendum
571 2374 641 2450 erit,
670 2373 927 2456 quemadmodum
958 2381 1014 2437 aut
1040 2394 1146 2438 omues
1168 2384 1225 2440 ant
1246 2375 1355 2457 optimi
1378 2376 1447 2439 cdd.
1468 2375 1501 2438 in

245 2479 303 2543 hoc
330 2479 398 2559 ipso
421 2477 499 2540 libro
522 2475 666 2556 exempla
687 2476 840 2556 praebent
861 2476 912 2549 32,
934 2476 954 2538 2
976 2475 1136 2558 longeque,
1158 2473 1210 2552 59,
1234 2477 1274 2540 10
1296 2477 1502 2560 nefandoque,

245 2579 298 2655 29,
319 2579 339 2644 6
362 2578 548 2661 egressique,
570 2575 621 2651 26,
646 2576 685 2640 14
707 2583 988 2658 constructumque.
1021 2575 1135 2658 Sprcto
1157 2577 1327 2664 igiturque
1342 2577 1501 2654 assutioio,

243 2681 277 2745 id
300 2682 381 2762 quod
403 2685 514 2755 restat,
536 2677 626 2742 cuias
648 2697 709 2740 non
731 2695 876 2758 magnam
898 2675 996 2740 habet
1017 2677 1243 2742 difficultatem.
1277 2677 1411 2761 Saepius
1423 2678 1504 2742 enirn

247 2782 299 2864 qui
331 2781 381 2844 vel
414 2780 493 2864 quis,
526 2778 579 2842 ubi
611 2785 680 2842 nter
707 2777 951 2859 exspectandum
975 2786 1053 2849 erat,
1074 2777 1106 2841 in
1129 2798 1218 2844 usum
1241 2779 1337 2844 venit.
1382 2780 1411 2856 1,
1432 2778 1506 2854 6,4

245 2883 394 2964 legerent,
417 2881 469 2964 qui
491 2899 603 2944 nomen
624 2898 724 2944 novae
746 2878 815 2942 urbi
837 2877 928 2942 daret
950 2877 1117 2964 (Romulus
1139 2900 1179 2944 an
1197 2879 1341 2965 Romae),
1360 2878 1506 2956 1,16,10

246 2982 444 3058 sciscitando,
466 2982 507 3046 ad
529 3001 620 3064 quem
644 2999 749 3044 eorum
771 2999 899 3062 regnum
922 2988 1005 3044 66661
1026 2989 1190 3045 venturum
1213 2979 1333 3066 (611661
1346 2981 1504 3044 611Τί1616

246 3105 287 3150 an
319 3085 360 3147 ad
390 3080 588 3168 Arruntem),
620 3082 648 3156 l,
669 3079 721 3157 48,
743 3083 762 3142 2
791 3082 966 3162 6666161161
993 3091 1205 3164 regnaturum,
1228 3083 1280 3165 qui
1301 3082 1429 3146 vicisset
1451 3082 1506 3166 (de

248 3185 356 3250 Servio
379 3191 411 3250 61
433 3181 629 3268 Tarquinio),
655 3176 685 3258 7,
707 3180 738 3258 9,
761 3175 780 3243 7
801 3182 886 3246 Pons
907 3180 939 3246 in
963 3182 1063 3247 medio
1086 3192 1164 3259 erat,
1186 3184 1305 3248 neutris
1328 3203 1398 3247 6616
1420 3201 1506 3248 rum·

246 3286 513 3368 6661111116..666,
547 3284 599 3367 qui
621 3283 796 3365 potirentur
817 3282 966 3368 (11661661
988 3303 1028 3346 an
1052 3283 1154 3365 Galli)
1177 3284 1256 3348 66116
1278 3283 1411 3348 discerni
1433 3291 1506 3366 pot-

246 3394 324 3462 erat,
346 3385 377 3462 9,
398 3384 493 3462 4168
515 3384 627 3467 quibus
649 3383 780 3466 legendi,
804 3383 878 3465 quid
900 3384 1041 3460 mallent,
1064 3385 1153 3466 copia
1175 3406 1235 3449 non
1259 3385 1364 3462 fuerit,
1386 3385 1439 3461 21,
1455 3383 1506 3462 39,

247 3487 267 3552 6
294 3488 440 3562 16661166,
473 3506 552 3568 qnae
582 3505 656 3566 pars
685 3486 844 3568 sequenda
866 3490 959 3560 66661,
983 3485 1012 3562 1,
1033 3479 1085 3562 27,
1107 3484 1127 3550 6
1150 3486 1319 3551 Consilium
1343 3495 1421 3562 erat,
1445 3505 1507 3570 qna

247 3589 283 3674 (i.
307 3609 332 3657 e.
355 3597 427 3652 utra
448 3585 555 3673 parte)
578 3589 706 3650 fortuna
726 3605 791 3648 rem
814 3587 914 3660 daret,
938 3606 975 3649 ea
995 3586 1145 3651 inclinare
1166 3588 1259 3663 vires,
1280 3588 1311 3663 4,
1329 3582 1380 3662 37,
1399 3585 1507 3652 9016-

247 3710 313 3754 1661
334 3689 481 3752 1611161661
504 3688 636 3769 61161616
659 3687 729 3762 1611,
753 3707 811 3769 quo
834 3707 884 3750 res
905 3687 1094 3751 inclinatura
1116 3696 1209 3764 esset,
1233 3689 1283 3764 10,
1307 3689 1356 3764 12,
1378 3689 1398 3752 5
1420 3689 1507 3771 Pug-

245 3799 355 3856 natum
388 3789 504 3854 maiore
536 3797 626 3871 66116
654 3787 716 3852 11161
745 3807 860 3869 magna
886 3787 1041 3870 utrimque
1064 3791 1173 3866 caede3
1202 3809 1264 3853 nox
1284 3789 1422 3866 incertis,
1445 3809 1508 3872 qna

247 3895 324 3956 data
351 3890 482 3954 victoria
504 3898 597 3964 66661,
619 3889 797 3964 intervenit,
822 3889 871 3964 lo,
892 3887 944 3963 28,
969 3890 983 3951 l
1009 3891 1178 3954 communis
1201 3891 1303 3955 adhuc
1324 3892 1411 3954 Mars
1433 3890 1507 3955 belli

246 3999 315 4056 erat
337 3993 468 4057 necdum
494 3991 657 4054 discrimen
681 3991 807 4053 fortuna
829 3991 957 4065 fecerat,
980 4011 1042 4073 qna
1065 3984 1376 4056 daturarireseaset.
1401 3991 1506 4056 Etiam

247 4096 330 4176 apud
353 4093 430 4156 alios
453 4092 620 4173 scriptores
642 4091 708 4156 eins
731 4090 851 4172 generis
874 4092 1019 4173 exempla
1040 4093 1329 4173 deprehenduntur:
1353 4092 1506 4158 6161111.

249 4194 297 4268 16,
323 4195 371 4268 14,
397 4196 411 4256 l
437 4194 484 4257 sin
507 4198 613 4256 antem
635 4191 769 4256 vincitur
791 4189 1028 4276 (Octavianus),
1050 4193 1136 4258 vides
1158 4194 1386 4258 intolerabilem
1403 4194 1508 4257 Anto-

246 4295 342 4372 nium,
364 4303 411 4370 ut,
434 4313 524 4376 quem
546 4293 634 4368 velis,
657 4291 778 4356 nescias
801 4291 837 4377 (i.
862 4313 887 4355 e.
911 4301 1015 4356 utrum
1037 4294 1114 4358 velis
1133 4294 1285 4358 victurum
1306 4294 1401 4379 esse),
1418 4295 1507 4357 Fam.
1564 4353 1568 4361 .

247 4389 277 4470 7,
298 4397 329 4470 3,
353 4395 368 4458 l
393 4402 512 4459 utnon
535 4393 733 4476 explicarem,
756 4393 830 4476 qnid
853 4402 936 4457 66661
959 4395 1110 4475 6611161116
1129 4395 1508 4482 factn(manerein1ta-
1616 4449 1623 4466 ,

246 4496 299 4571 116,
321 4516 363 4560 an
384 4495 562 4578 proficisci),
585 4496 675 4560 Gaas.
698 4495 728 4570 6,
749 4495 792 4559 44
812 4495 855 4558 Hi
877 4493 983 4578 (Polio
1006 4503 1037 4560 61
1060 4495 1220 4580 Vorenus)
1242 4505 1411 4579 perpetuas
1427 4495 1509 4558 inter

245 4617 279 4660 66
302 4596 528 4662 controversias
550 4596 720 4670 habebant,
747 4595 872 4678 quinam
895 4597 1112 4662 anteferretur.
1157 4599 1231 4661 Tac.
1253 4596 1338 4662 Ann.
1361 4598 1391 4672 3,
1415 4598 1431 4660 l
1455 4616 1508 4660 ro·

246 4698 412 4780 gitantium
443 4697 590 4772 1616166,
613 4696 776 4762 silentione
799 4717 839 4760 au
861 4716 935 4762 voce
958 4697 1064 4780 alique.
1087 4699 1295 4780 egredientem
1318 4698 1508 4780 exciperent,

245 4820 345 4882 neque
370 4798 450 4866 satis
478 4797 654 4874 constabat,
682 4797 756 4881 quid
783 4797 818 4884 (i.
843 4818 869 4862 6.
892 4798 1014 4884 611616)
1035 4819 1090 4884 616
1113 4807 1252 4882 tempore
1276 4801 1367 4878 foret,
1388 4801 1453 4865 ibm
1478 4799 1507 4876 l,
