3584 5632
467 658 669 731 Epilegomena
690 661 726 714 ad
749 659 781 714 T.
806 659 878 715 Livii
901 659 1004 714 librum
1026 659 1157 729 primurn.
1405 659 1442 713 15

268 831 317 908 12,
339 823 464 894 ’155155
486 831 515 892 si
536 831 679 893 55515555
701 849 739 892 ex
761 830 796 892 bl
818 838 976 911 receptum
1000 829 1040 891 ab
1062 827 1171 892 Alscb.
1194 828 1285 892 hodie
1300 837 1444 892 servatur

42 967 50 1018 r,
167 933 221 994 ab
257 931 408 994 omuibus.
453 931 639 1014 Antiquitas
673 933 835 1012 legebatur
862 929 958 994 aelati
985 932 1124 1004 515555,
1148 938 1319 993 extremum
1343 929 1443 991 15515

33 1059 50 1120 5
170 1034 231 1094 ed.
261 1032 344 1114 Mog.
373 1032 420 1094 At
446 1033 534 1094 RDF
554 1033 665 1095 Bamb.
690 1032 886 1113 apertissime
908 1032 1027 1095 babent
1048 1029 1144 1094 veluti
1166 1031 1339 1096 sensissent.
1363 1031 1444 1111 quod

1 1156 6 1167 ·
31 1181 49 1224 ,3
170 1133 315 1196 forsitan
337 1131 385 1194 ita
406 1134 501 1196 fuerit
522 1133 553 1195 15
576 1133 613 1208 Ρ,
636 1133 688 1196 551
711 1133 792 1195 iuter
814 1133 874 1196 duo
897 1133 952 1195 illa
973 1133 1004 1194 in
1028 1132 1185 1194 artissimo
1207 1132 1310 1212 spatio
1332 1131 1446 1211 legitur

171 1233 220 1309 ei,
246 1241 340 1314 atque
362 1233 375 1295 i
397 1217 494 1296 solum
518 1234 619 1296 visum
643 1241 691 1297 est
714 1233 788 1296 mihi
807 1254 873 1296 esse
892 1254 911 1295 a
928 1253 967 1296 m.
982 1235 1011 1295 2.
1046 1233 1123 1296 Cum
1141 1233 1250 1295 iisdem
1271 1232 1339 1294 cdd.
1352 1231 1444 1312 plane

175 1336 373 1398 concordant
393 1333 553 1409 NEASH,
576 1341 684 1416 555555
708 1353 745 1398 55
767 1355 841 1397 vera
862 1334 1007 1397 habenda
1026 1333 1163 1396 codicum
1182 1333 1347 1413 scriptura,
1365 1351 1444 1414 quae

174 1436 315 1517 primurn
352 1436 540 1516 conspicitur
565 1435 596 1498 iu
622 1434 777 1508 ed.A1d.,
801 1436 952 1498 retinetur
975 1455 994 1497 5
1016 1434 1121 1508 Sobio,
1143 1433 1306 1507 Rhenauo,
1328 1433 1444 1506 Medio,

177 1535 330 1610 Grutero‚
362 1535 539 1610 Gronoviis,
562 1555 692 1618 quorum
714 1543 820 1598 tamen
843 1537 943 1598 minor
963 1536 1017 1598 ille
1039 1557 1055 1598 e
1079 1534 1234 1597 nonnullis
1257 1534 1326 1596 cdd.
1347 1533 1445 1595 refert

177 1635 281 1700 ueluti
306 1637 344 1715 51,
373 1645 468 1718 55555
497 1656 535 1700 ex
558 1636 725 1700 5111515515
748 1634 992 1711 Liviicelutai,
1016 1637 1096 1718 quod
1121 1655 1228 1698 ansam
1253 1634 1340 1696 dedit
1360 1634 1445 1696 Dra-

178 1736 372 1801 kenborchio
396 1737 526 1819 51115555
549 1739 588 1800 55
613 1737 898 1820 antiquissimarum
923 1738 991 1801 edd.
1016 1737 1178 1799 lectionem
1201 1733 1316 1819 (veluti
1339 1735 1380 1816 ei)
1394 1753 1446 1797 re-

180 1839 335 1902 vertendi.
379 1837 492 1902 Omitti
524 1837 680 1902 interdum
709 1857 728 1900 a
754 1838 843 1900 Livio
873 1837 948 1922 (non
978 1838 1100 1921 quidem
1130 1837 1169 1899 ab
1192 1837 1255 1899 ullo
1278 1843 1351 1899 ante
1375 1853 1443 1898 eum

181 1937 352 2024 scriptore)
379 1939 473 2001 hocce
500 1940 528 2001 ei
556 1939 586 2001 iu
616 1939 690 2002 ficta
712 1939 943 2019 comparatione
965 1939 997 2000 bi
1021 1939 1079 2001 1551
1102 1937 1280 2000 testimonio
1303 1944 1391 1998 sunt:
1415 1937 1446 2010 2,

182 2039 235 2114 36,
260 2043 273 2104 l
305 2041 406 2121 coepti
433 2041 505 2102 iude
533 2039 608 2116 ludi,
630 2040 717 2102 velut
740 2059 777 2102 55
798 2061 847 2102 res
870 2039 945 2102 nihil
969 2041 1008 2102 ad
1031 2040 1209 2120 religionem
1233 2035 1445 2118 pertinuisset,

182 2141 214 2221 2,
235 2139 330 2215 4l‚9
362 2140 449 2204 velut
482 2141 679 2204 abundarent
711 2141 824 2214 omnia,
852 2143 882 2214 2,
905 2141 955 2216 50,
978 2142 999 2204 4
1026 2141 1112 2204 velut
1145 2157 1220 2201 casn
1252 2137 1444 2200 incidissent.

183 2235 355 2304 Praeterea
376 2259 470 2304 unum
495 2242 670 2322 exemplum
694 2241 843 2303 adnotavi
866 2262 882 2302 5
904 2241 1000 2304 tertia
1023 2243 1139 2304 decade
1162 2238 1230 2325 (24,
1248 2239 1279 2314 5,
1291 2237 1337 2324 2),
1354 2237 1445 2319 plura

184 2363 200 2406 5
224 2351 338 2426 quarta
359 2342 426 2427 (31,
452 2342 480 2419 1,
505 2343 532 2405 1.
556 2341 606 2416 35,
631 2342 680 2417 14,
702 2343 732 2404 4.
755 2339 806 2415 39,
831 2342 879 2416 11,
902 2340 931 2404 6.
954 2341 1005 2416 40,
1030 2343 1078 2416 12,
1104 2340 1147 2426 1).
1190 2341 1270 2403 Tum
1298 2341 1346 2402 bis
1370 2339 1444 2402 locis

183 2453 250 2508 tum
281 2445 332 2520 iis,
365 2445 418 2506 ubi
448 2445 477 2506 51
503 2445 629 2506 additur
656 2441 776 2527 (1,56,
802 2445 849 2506 12.
878 2445 929 2519 21,
951 2441 982 2517 8,
1004 2441 1040 2519 6;
1071 2441 1120 2516 16,
1143 2443 1178 2518 2;
1199 2441 1251 2515 41,
1277 2439 1442 2504 105515.

182 2545 235 2620 23,
256 2541 287 2622 9,
312 2547 346 2622 1;
380 2544 502 2620 18,14.
538 2545 589 2620 25,
612 2543 663 2620 38,
685 2543 714 2607 8.
743 2543 794 2618 28,
817 2545 868 2618 32,
890 2538 919 2606 7.
948 2541 1000 2619 29,
1022 2543 1073 2618 28,
1095 2542 1131 2626 9)
1161 2563 1221 2606 555
1249 2542 1358 2616 veluti,
1388 2541 1443 2604 aed

182 2648 271 2710 velut
302 2647 452 2727 scriptum
484 2646 590 2710 iuveni
618 2647 667 2726 (at
695 2645 757 2707 vid.
781 2645 885 2708 Luchs
908 2648 947 2708 ad
970 2643 1022 2720 29,
1044 2645 1094 2716 28,
1117 2643 1168 2726 9);
1190 2645 1315 2706 videtur
1336 2651 1443 2706 tamen

183 2747 268 2811 uullo
302 2767 405 2810 eorum
437 2749 584 2822 locorum,
612 2746 664 2809 ubi
688 2747 776 2809 deest
798 2744 835 2820 si,
858 2747 984 2826 scriptio
1006 2745 1062 2808 1115
1084 2733 1250 2828 trisyllaba
1272 2746 1311 2807 5(1
1334 2763 1443 2807 sonum

182 2869 311 2912 suavem
334 2858 398 2911 tam
422 2849 535 2913 idonea
557 2849 662 2922 151555,
686 2866 777 2929 quarn
801 2847 860 2909 hoc
879 2847 958 2927 1555,
981 2847 1033 2929 551
1055 2845 1144 2909 nobis
1167 2848 1267 2909 adest.
1311 2845 1445 2909 Accedit

183 2952 275 3033 qnod,
309 2951 367 3012 nisi
400 2950 526 3031 saepius
558 2950 639 3014 hanc
669 2949 841 3029 scripturae
870 2948 1083 3011 diversitatem
1108 2947 1312 3028 praetermisi,
1334 2947 1444 3010 Livius

183 3045 367 3114 alterutram
389 3051 501 3114 barum
525 3050 725 3132 scriptionum
749 3050 871 3114 diverso
893 3049 1042 3130 temporis
1065 3050 1168 3130 spatio
1191 3048 1356 3129 praetulit:
1378 3047 1443 3129 pri-

184 3173 253 3214 mae
287 3152 367 3216 enirn
402 3152 528 3216 decadis
562 3171 655 3213 uuum
686 3150 860 3230 exemplum
889 3151 986 3212 babet
1008 3151 1094 3212 velut
1116 3150 1153 3227 51,
1177 3157 1324 3232 quattuor
1346 3149 1443 3223 velut,

183 3271 277 3316 unum
312 3253 420 3327 veluti,
448 3253 562 3316 tertiae
591 3252 716 3315 decadis
739 3252 842 3314 onmia
866 3252 962 3336 (5555
985 3271 1093 3314 novem
1118 3248 1207 3335 5555)
1230 3270 1290 3312 555
1314 3258 1444 3331 excepto

182 3356 320 3417 retinent
351 3355 439 3417 velut
471 3354 508 3429 si,
543 3361 673 3436 quartae
702 3354 833 3434 denique
862 3353 1036 3432 exemplum
1066 3352 1184 3415 nullum
1208 3350 1445 3414 adnotatnmei

183 3456 361 3536 appositum
394 3453 501 3517 habet.
546 3453 635 3526 Quae
669 3441 736 3515 cum
770 3453 817 3515 ita
844 3454 917 3528 sint,
944 3453 989 3515 sic
1017 3473 1136 3526 555555,
1164 3453 1230 3514 1555
1253 3471 1300 3528 55,
1322 3453 1360 3515 (15
1384 3470 1443 3534 555

183 3555 325 3638 quaestio
347 3563 406 3631 est,
429 3555 564 3619 codicem
587 3555 622 3618 M
644 3574 737 3617 unum
762 3555 872 3616 ceteris
896 3574 954 3616 nou
978 3573 1046 3618 esse
1068 3554 1315 3634 praeferendum.

268 3657 318 3732 16,
339 3655 360 3720 6
380 3655 532 3744 perfusus
553 3655 681 3719 horrore
702 3653 939 3717 venerabundus
962 3673 999 3717 ex
1022 3656 1056 3717 M
1078 3655 1269 3734 scripserunt
1290 3653 1399 3716 Alscb.
1413 3661 1445 3716 et

183 3759 235 3839 qui
258 3766 439 3841 sequuntur,
462 3766 497 3820 ut
518 3757 605 3838 prius
627 3757 702 3819 illud
727 3775 851 3818 causam
874 3755 1037 3830 indicaret,
1060 3775 1113 3817 cur
1134 3756 1373 3819 venerabundus
1387 3756 1445 3818 ad-

184 3859 335 3936 stitisset3
366 3861 446 3941 quod
476 3858 598 3940 quidem
622 3857 743 3938 lougius
766 3857 898 3937 petitum
922 3857 1055 3924 videtur.
1100 3855 1280 3936 Simplicius
1302 3856 1349 3918 155
1371 3875 1445 3918 555-

181 3959 362 4041 iunguntur,
384 3968 420 4022 ut
442 3967 474 4022 et
494 3960 588 4022 animi
604 3957 745 4020 habitum
766 3965 798 4020 55
812 3957 1018 4021 reverentiam
1031 3957 1101 4020 divo
1113 3957 1245 4020 Romulo
1258 3957 1443 4037 praestitam

183 4081 246 4123 una
268 4060 451 4143 significent.
484 4061 597 4142 Itaque
619 4059 793 4141 postposito
816 4061 850 4122 M
871 4058 1168 4144 emendandosque
1191 4059 1291 4138 legere
1309 4066 1443 4138 oportet.

266 4159 360 4237 22,6
390 4159 500 4246 1555515
533 4159 660 4223 dicendi
687 4169 882 4244 potestatem,
916 4159 996 4244 quid
1019 4169 1159 4244 petentes
1180 4159 1330 4235 uenerint,
1345 4157 1443 4248 sarit.

183 4263 261 4326 Cum
284 4262 374 4326 multi
397 4263 450 4325 alii
472 4270 538 4325 tum
561 4261 785 4324 Weissenborn
808 4261 1033 4340 praetulerunt,
1057 4261 1136 4342 quod
1160 4260 1190 4322 15
1215 4259 1248 4321 M
1271 4267 1329 4333 555,
1346 4259 1445 4346 secit,·

182 4364 237 4426 sed
260 4363 357 4426 donec
379 4361 492 4425 idonea
514 4363 658 4442 exempla
675 4349 753 4424 'talis
776 4369 949 4441 temporum
965 4361 1190 4424 consecutionis
1205 4361 1330 4440 prolata
1343 4369 1444 4435 erunt,

181 4463 212 4526 15
237 4472 407 4527 ceterorum
432 4465 570 4526 codicum
594 4463 748 4542 scriptura
771 4461 940 4524 subsistere
962 4461 1062 4525 555155
1085 4461 1153 4525 erit.

266 4565 316 4639 31,
339 4564 359 4627 5
387 4563 571 4650 implicitus,
602 4572 637 4625 ut
660 4570 692 4625 et
714 4563 789 4626 alibi
812 4563 920 4624 scribit
941 4563 1050 4626 Livius
1073 4563 1118 4642 (3,
1141 4565 1171 4638 2,
1195 4563 1222 4624 1.
1245 4563 1296 4636 23,
1319 4561 1370 4635 34,
1395 4562 1443 4624 11.

181 4663 232 4739 28,
254 4666 306 4741 24,
331 4664 375 4750 1),
406 4667 541 4728 nondum
562 4665 594 4726 in
619 4663 760 4726 omnibus
783 4664 852 4725 edd.
875 4664 1054 4728 restitutum
1080 4671 1137 4738 est,
1159 4670 1324 4745 postquam
1350 4681 1388 4725 ex
1409 4663 1445 4726 Μ

181 4764 364 4850 implicatus
377 4767 478 4830 ‘solito
502 4785 585 4828 more
607 4764 748 4844 inrepsit.
782 4765 888 4826 Etiam
908 4766 1115 4847 fragmentum
1128 4763 1444 4845 Havercampianuur,

183 4867 261 4948 quod
285 4867 425 4930 Mediceo
449 4867 528 4930 51155
544 4865 739 4928 ‘simillimum
764 4873 842 4939 erat,
864 4865 976 4928 babuit
998 4863 1181 4950 implicitus.
