3584 5632
473 631 674 703 lipilegonuana
696 632 731 688 ad
755 632 786 688 Τ.
810 632 882 690 Livii
904 633 1008 690 librum
1029 633 1159 703 primurn.
1403 631 1443 686 33

174 805 286 868 forma
311 803 399 866 verbi
427 803 521 867 fidere
549 805 725 868 habendum
749 804 801 879 sit,
825 805 1083 885 quemadmodum
1105 803 1261 866 interdum
1284 801 1443 883 passivum

174 907 271 968 vario
294 905 385 968 modo
407 904 573 978 invenitur,
597 915 633 967 ut
654 906 707 980 35,
730 903 779 980 19,
801 904 822 968 6
844 904 904 968 Odi
923 905 1054 988 odioque
1073 925 1141 968 snm
1155 903 1315 967 Romanis.
1348 903 1445 968 Nulla

173 1007 279 1088 igitur
299 1006 351 1067 hie
372 1023 450 1085 opus
472 1012 522 1068 est
543 1005 730 1069 eonieotura.

270 1101 320 1180 17,
345 1107 358 1167 l
391 1105 434 1168 acl
455 1103 606 1189 singulos,
628 1125 707 1188 quae
730 1107 858 1171 Graevii
881 1107 1059 1170 coniectura
1081 1113 1140 1180 est,
1161 1105 1278 1168 suffieit
1300 1105 1340 1168 ad
1362 1104 1444 1168 huno

179 1209 286 1271 looum
309 1207 500 1282 sanandum;
527 1226 661 1289 namque
682 1208 713 1270 in
737 1207 864 1289 reliquis
886 1216 973 1270 oerta
995 1215 1044 1270 est
1065 1207 1203 1270 oodieum
1226 1205 1347 1269 MFPU
1370 1225 1445 1270 auo-

180 1309 307 1372 toritas.
351 1308 568 1371 Oonieoturam
590 1308 837 1371 Weissenbornii
860 1307 891 1369 iu
914 1307 1063 1371 extremis
1085 1308 1154 1370 edd.
1171 1306 1354 1382 exhibitam,
1373 1327 1446 1370 aee-

183 1410 263 1472 dum
285 1431 304 1471 0
326 1406 461 1492 eiapelie
482 1443 534 1483 —,
550 1429 612 1492 per
632 1410 697 1470 uim
720 1419 774 1471 001
789 1408 1000 1495 factionibus,
1021 1410 1103 1471 ieter
1118 1408 1245 1472 ordines
1257 1407 1445 1482 certabatur,

184 1529 280 1592 quam
302 1511 441 1590 Draeger
459 1507 558 1592 (Hist.
582 1509 673 1592 Synt.
696 1511 737 1572 ll.
759 1511 775 1592 1
797 1509 873 1592 360)
900 1509 990 1592 aequi
1013 1509 1085 1572 boui
1108 1509 1195 1583 feeit,
1216 1509 1248 1572 in
1265 1510 1314 1572 ed.
1332 1504 1361 1572 7.
1379 1529 1446 1572 me-

184 1611 247 1674 rito
269 1609 402 1674 removit
422 1609 564 1672 Mueller.

273 1705 322 1784 l7,
343 1709 365 1772 8
386 1710 562 1784 retinerent,
584 1731 605 1771 a
626 1710 783 1774 Gronovio
804 1711 1019 1791 importatum,
1041 1729 1132 1792 quem
1155 1710 1297 1793 sequitur
1310 1709 1446 1784 Crevier,

185 1813 361 1876 reiecerunt
388 1818 444 1873 aut
465 1811 655 1874 distulerunt
676 1811 900 1874 Drakenborch
923 1811 1048 1892 aliique,
1069 1810 1100 1872 in
1124 1811 1255 1874 alteram
1279 1811 1446 1874 editionem

187 1912 306 1993 reeepit
326 1911 455 1992 Madvig
478 1913 576 1996 (quod
599 1911 630 1973 in
654 1911 828 1975 Collatione
852 1911 1039 1993 perficienda
1060 1932 1120 1974 uon
1135 1909 1447 1994 animadverterem),

186 2015 218 2076 in
248 2013 413 2094 septimam
442 2011 771 2075 Weissenbornianam
800 2013 940 2076 Mueller.
984 2014 1020 2075 In
1044 2013 1201 2076 oodioibus
1224 2020 1328 2075 autem
1351 2019 1446 2094 atque

188 2116 258 2178 edd.
291 2121 364 2177 ante
397 2113 588 2176 Gronovium
622 2119 672 2175 est
698 2113 878 2187 detinerent,
905 2115 925 2175 i.
949 2134 975 2176 e.
998 2112 1082 2194 plebi
1104 2112 1305 2194 prohiberent
1326 2111 1447 2194 sibique

186 2221 380 2278 reservatum
410 2220 564 2276 tenerent.
606 2213 685 2287 Hoo,
707 2215 788 2295 quod
811 2213 1036 2295 significantius
1059 2214 1244 2295 graviusque
1267 2221 1326 2288 est,
1348 2213 1447 2295 magis

186 2316 263 2378 trito
295 2313 474 2396 usitatoque
507 2314 599 2377 alteri
627 2313 719 2397 (ret.)
748 2315 856 2378 oedere
884 2315 1010 2396 saepius
1032 2315 1198 2378 voluerunt
1218 2323 1252 2378 et
1272 2314 1393 2377 soribae
1415 2320 1448 2376 et

188 2417 333 2480 editores.
356 2414 407 2489 36,
430 2413 481 2488 39,
503 2407 523 2476 7
545 2415 598 2496 qui
619 2415 682 2476 iam
705 2416 832 2478 tertium
856 2434 970 2479 aunum
993 2415 1037 2477 ibi
1058 2415 1152 2477 dubio
1163 2415 1356 2478 detineretur
1365 2414 1447 2477 belle

188 2517 392 2602 (retineretur
414 2515 483 2579 edd.
507 2523 581 2578 ante
604 2514 748 2597 Aldum).
792 2516 822 2591 8,
845 2515 896 2590 38,
918 2516 939 2578 6
961 2517 1064 2598 Eques
1087 2516 1241 2596 carpendo
1263 2515 1447 2578 novissimos

190 2636 343 2699 ..agmen
366 2615 502 2680 detinuit
522 2614 597 2698 (ret.
621 2615 687 2678 eod.
710 2615 870 2700 Revera).
913 2617 965 2692 40,
987 2617 1039 2690 42,
1060 2617 1081 2678 4
1103 2616 1186 2680 aives
1207 2616 1365 2679 Romanos
1387 2615 1448 2678 diei

189 2720 343 2800 Corcyrae
372 2716 499 2780 retineri
527 2715 676 2800 (detineri
704 2717 767 2779 lat.
795 2717 1003 2801 Perizonius).
1048 2718 1076 2790 l,
1098 2717 1150 2791 30,
1171 2717 1192 2780 5
1214 2735 1287 2780 suos
1308 2717 1394 2799 prius
1415 2716 1448 2780 iu

189 2821 290 2883 luoum
314 2817 489 2899 confugisse
511 2836 549 2878 ao
568 2817 687 2880 Romae
709 2825 848 2881 retentos
870 2819 1031 2900 (detentos
1053 2819 1163 2899 fragm.
1185 2818 1345 2901 Havete).
1385 2819 1448 2881 Pe-

188 2919 296 2984 riocha
317 2939 355 2982 ex
378 2919 431 2981 lib.
454 2918 512 2980 III.
535 2917 752 2998 magistratum
775 2919 941 2982 noluerunt
963 2920 1115 2999 deponere
1138 2927 1171 2982 et
1191 2918 1370 2982 intertium
1390 2937 1449 2982 an-

189 3041 262 3084 num
293 3019 489 3082 retinuerunt
520 3017 633 3101 (detiu.
661 3017 850 3082 Giovenazzi
878 3019 1019 3104 aliique).
1062 3019 1127 3082 (lie.
1155 3039 1185 3105 n.
1208 3021 1238 3081 d.
1261 3021 1291 3092 2,
1312 3013 1364 3093 47,
1390 3019 1445 3082 121

190 3121 267 3184 nihil
290 3121 330 3184 ad
351 3119 449 3182 vitam
472 3119 666 3182 retinendam
689 3139 748 3182 uon
772 3121 991 3195 necessarium,
1013 3119 1107 3182 Klotz
1129 3120 1357 3202 (detinendam,
1372 3119 1449 3183 Bai-

189 3231 239 3286 ter
267 3228 299 3285 et
326 3217 477 3302 Kayser),
505 3219 593 3283 Suet.
623 3219 734 3283 Claud.
767 3221 803 3284 lb
825 3223 904 3301 pede
926 3220 1120 3301 apprehense
1142 3220 1323 3296 retinerent,
1346 3221 1449 3284 Grae-

189 3323 260 3386 vius
282 3320 407 3406 (detio,
428 3320 543 3394 Bremi,
564 3319 676 3402 Roth),
698 3320 772 3384 Vel.
793 3322 880 3384 Max.
906 3322 933 3394 l,
956 3316 975 3381 7
998 3328 1061 3384 ext.
1083 3321 1105 3385 4
1126 3322 1210 3384 domi
1231 3328 1372 3384 retentus
1390 3329 1449 3396 eet,

191 3423 318 3504 Kempl‚
346 3421 441 3484 Halm
469 3420 633 3505 (detentus
661 3423 780 3484 ested.
803 3422 877 3485 Ald.
903 3421 993 3485 1534.
1036 3422 1190 3485 »Variant
1210 3441 1285 3485 mss.
1308 3431 1341 3485 et
1362 3422 1448 3486 editi.

190 3526 337 3588 detentus
370 3529 420 3584 est
451 3520 574 3584 invenio
606 3521 638 3583 in
660 3521 780 3603 aliquot
801 3523 962 3604 utriusque
984 3522 1133 3604 generis»,
1154 3522 1233 3585 Abr.
1256 3523 1449 3607 Torreuius).

190 3625 335 3705 Apparet
357 3622 481 3686 omnine
501 3621 635 3685 retinere
657 3641 712 3701 pro
735 3623 834 3686 altero
857 3623 981 3686 facilius
1003 3623 1152 3703 seriptum
1176 3643 1253 3686 esse.
1297 3623 1367 3695 Quo
1390 3624 1450 3686 mi-

190 3745 249 3788 nus
270 3725 329 3787 luno
350 3723 428 3797 loeo,
450 3724 489 3785 de
511 3742 570 3805 quo
594 3723 736 3803 quaestio
757 3731 816 3798 est,
839 3731 1018 3805 suspectum
1040 3724 1083 3785 sit
1104 3724 1289 3787 detinerent.

278 3825 326 3899 18,
348 3824 368 3886 3
391 3845 470 3908 qnae
484 3822 582 3909 sema
603 3822 637 3884 in
658 3819 816 3888 Sabinos?
837 3826 887 3886 Ex
908 3831 1057 3906 sequente
1080 3825 1257 3900 excivisset,
1274 3825 1355 3907 quod
1372 3825 1447 3888 item

190 3928 230 3989 de
252 3927 339 3988 fama
360 3924 487 3998 dieitur,
505 3922 710 4004 supplendum
735 3926 937 4005 pervenisset,
960 3925 1084 4005 perlata
1105 3933 1198 4000 esset,
1221 3925 1270 3988 vel
1286 3925 1370 3988 aliud
1389 3926 1449 3988 ali-

191 4028 272 4109 quod
294 4027 421 4089 verbum
447 4025 599 4088 movendi.
644 4024 691 4088 of.
714 4024 766 4098 40,
788 4020 840 4100 57,
862 4027 891 4087 3·
904 4026 998 4088 Haud
1020 4026 1126 4107 prooul
1149 4026 1331 4107 Amphipoli
1353 4027 1449 4104 lama,

190 4128 263 4192 iude
297 4127 373 4190 uerti
405 4126 505 4188 nuntii
539 4131 747 4200 obcurrerunt,
782 4133 936 4190 mortuum
967 4146 1034 4190 esse
1056 4145 1159 4208 regem
1182 4127 1341 4209 (Intellige
1364 4127 1450 4190 fama

191 4229 292 4291 allata
313 4234 379 4302 eet3
401 4228 483 4308 qnod
506 4246 544 4288 ex
567 4234 765 4289 occurrerunt
787 4229 969 4290 sumendum
993 4229 1068 4309 est).
1101 4227 1268 4290 Sententia
1289 4228 1367 4292 haee
1384 4235 1448 4290 est:

191 4348 271 4411 quae
304 4329 390 4390 fama
422 4327 620 4410 Pythagorae
654 4345 693 4388 ex
725 4334 810 4390 terra
842 4336 907 4390 tam
937 4329 1106 4410 longinqua
1130 4328 1163 4391 in
1191 4328 1325 4392 Sabinos
1348 4329 1449 4410 adque

191 4430 326 4492 Numam
350 4435 513 4509 penetrare
535 4426 660 4509 potuit?
678 4426 835 4509 Sigonius,
857 4428 1043 4503 Gronovius,
1064 4429 1239 4502 Walehius,
1257 4429 1450 4492 eliiadoon·

189 4530 341 4594 ieeturam
370 4549 434 4614 qua
454 4527 551 4617 sama
578 4527 687 4613 (quam
716 4536 823 4593 tuetur
843 4529 989 4613 Madvig)
1011 4530 1225 4611 confugerunt,
1248 4549 1327 4610 quae
1350 4529 1449 4592 maio·

191 4651 255 4694 rem
279 4630 453 4694 molestiam
476 4629 588 4692 adfert.

277 4730 326 4805 18,
347 4731 368 4793 8
389 4730 495 4815 quoad
515 4728 761 4794 Weissenbornii
784 4738 833 4794 est
855 4731 1033 4794 eonieotura
1054 4751 1074 4792 e
1095 4729 1316 4793 recentioribus
1338 4731 1450 4810 pleris-

190 4852 250 4915 que
283 4831 395 4917 (etiam
428 4829 654 4914 Heerwageno)
688 4831 823 4910 probata
849 4831 963 4895 eollato
993 4833 1058 4896 loeo
1080 4833 1111 4906 2,
1133 4830 1185 4905 25,
1206 4831 1226 4892 4
1248 4831 1449 4912 fugientibus,

240 4974 364 5025 Frigell,
389 4973 545 5024 Eplleamm
558 4973 588 5014 ad
603 4973 704 5014 1'.Live's'
718 4973 798 5015 liberm
809 4975 914 5024 minum.
1388 4973 1401 5012 3
