3584 5632
447 645 648 716 Epilsgomeus
669 644 706 700 ed
727 645 759 699 Τ.
783 643 856 700 bivii
878 644 982 700 librum
1003 643 1135 714 primum.
1384 643 1423 698 4⁹1

148 816 307 881 diversae
330 818 370 880 ab
393 837 429 880 eo
450 837 509 880 usu
531 819 694 880 verborum
717 781 801 890 suut,
824 817 862 879 de
885 835 945 898 quo
967 815 1109 897 quaestio
1132 821 1191 889 est,
1214 815 1300 876 euius
1317 822 1424 876 temen

16 935 35 958 *=
149 919 334 996 probandi·
351 938 446 981 eausa
477 920 626 1001 pleraque
655 937 693 980 ea
720 917 865 997 exempla
892 918 931 979 ab
959 917 1182 997 interpretibus
1208 914 1352 979 adhibita
1374 917 1425 978 lu-

27 1039 46 1081 t:
151 1027 266 1081 erunt.

204 1151 206 1156 ·
248 1119 284 1184 Si
316 1139 388 1183 vero
415 1122 456 1183 ad
484 1120 570 1184 illem
597 1119 791 1200 relinquendi
817 1120 880 1182 vim
908 1118 1072 1180 verborum
1095 1117 1317 1199 exquirendam
1340 1117 1424 1180 redi-

21 1225 33 1284 ζ
152 1239 243 1295 mus,
266 1222 384 1284 frustra
406 1223 489 1302 apud
512 1221 679 1301 scriptores
702 1220 846 1300 exempla
868 1219 1039 1282 accusativi
1063 1218 1250 1301 quaerimus,
1269 1218 1425 1281 ablativos

19 1345 41 1390 v.
153 1322 282 1400 passim
313 1323 495 1402 reperimus,
523 1329 556 1384 et
583 1321 706 1402 quidem
729 1321 812 1383 baud
835 1340 905 1383 raro
928 1339 966 1383 ea
988 1321 1059 1401 ipsa
1080 1321 1215 1394 nomina,
1238 1339 1318 1400 quae
1341 1321 1425 1399 apud

154 1421 287 1484 Livium
316 1424 348 1486 in
376 1423 572 1486 accusativos
594 1429 784 1485 commutare
805 1422 971 1484 voluerunt
992 1420 1137 1484 editores.
1181 1420 1269 1501 Virg.
1290 1419 1372 1482 Aen.
1394 1421 1425 1494 2,

18 1535 39 1577 a<
154 1515 225 1584 713
258 1525 334 1586 urbe
367 1525 510 1606 egressis,
545 1523 594 1597 ll,
616 1523 678 1586 540
706 1523 870 1585 excederet
896 1523 982 1595 urbe,
1012 1521 1076 1585 Cio.
1105 1522 1146 1584 ad
1167 1523 1256 1584 Brut.
1281 1523 1310 1596 l,
1335 1519 1426 1595 lat

157 1625 344 1686 excessistis
366 1625 442 1688 urbe
465 1645 513 1698 ee,
536 1643 628 1706 quam
652 1623 878 1698 liberaveretis,
901 1623 989 1686 oure.
1014 1621 1064 1696 10,
1086 1616 1116 1696 7,
1134 1623 1154 1685 3
1176 1621 1252 1684 urbe
1266 1623 1426 1695 excedere,

155 1723 253 1787 Suet.
286 1725 356 1786 Tib.
389 1725 431 1788 40
459 1726 535 1788 urbe
563 1725 734 1806 egrediens,
762 1723 845 1804 Aug·
875 1725 916 1786 53
942 1725 1012 1786 Non
1035 1731 1151 1786 temere
1174 1724 1250 1785 urbe
1272 1723 1425 1803 oppidove

16 1857 33 1899 ς,
154 1823 227 1888 ullo
250 1845 393 1907 egressus
414 1835 465 1888 est
486 1826 545 1889 uisi
566 1833 671 1900 noctu,
693 1825 774 1888 Pliu.
798 1826 857 1904 Ep.
880 1824 910 1898 6,
922 1817 1005 1898 20,7
1022 1825 1171 1888 excedere
1189 1822 1312 1904 oppido.
1343 1822 1425 1886 Ubi-

158 1945 295 2007 cumque
316 1927 412 2008 igitur
434 1927 465 1988 in
489 1928 557 1990 cdd.
571 1927 712 1988 Livieuis
728 1926 832 1988 urbem
850 1923 953 2007 egredi
967 1925 1017 1988 vel
1032 1926 1180 1988 excedere
1193 1925 1379 1998 invenimus,
1393 1925 1426 1986 id

158 2027 276 2090 falsum
310 2028 447 2090 indicere
480 2048 518 2091 ne
546 2027 802 2092 dubitaverimus.
846 2027 939 2088 Haud
968 2025 1061 2088 aliter
1080 2028 1113 2088 in
1135 2026 1262 2106 reliquis
1284 2043 1424 2106 agamus.

156 2125 241 2190 Sall.
264 2129 330 2209 lug.
353 2129 395 2190 lo
416 2128 565 2214 (Solebat
586 2127 749 2210 Metellus)
772 2128 804 2189 in
828 2127 950 2207 agmine
971 2127 1003 2188 in
1026 2127 1134 2207 primis
1157 2128 1257 2200 modo,
1280 2127 1371 2188 modo
1393 2127 1424 2189 iu

157 2229 339 2308 postremis,
371 2247 466 2309 saepe
497 2229 530 2292 in
552 2229 659 2301 ,medio
687 2229 807 2302 edesse,
835 2248 873 2290 ne
902 2227 1064 2309 quisquam
1088 2229 1195 2290 ordine
1218 2229 1425 2308 egrederetur,

158 2329 209 2390 uti
232 2349 300 2392 curu
323 2329 419 2411 signis
442 2330 622 2411 frequentes
643 2330 831 2392 incederent.
875 2328 929 2391 Sic
952 2329 1046 2390 etiam
1069 2327 1137 2390 Liv.
1161 2329 1212 2402 25,
1230 2325 1260 2402 9,
1278 2328 1299 2389 4
1317 2335 1426 2390 contra

161 2429 232 2492 cdd.
263 2430 477 2493 scribendum:
504 2432 558 2492 via
586 2450 692 2493 omues
720 2431 802 2492 irent
824 2449 881 2492 nec
902 2430 1022 2491 deverti
1045 2448 1229 2511 quemquem
1254 2436 1310 2490 aut
1333 2447 1425 2491 exce·
1507 2446 1509 2454 ’

158 2531 234 2592 dere
256 2532 363 2594 ordine
385 2515 517 2612 agminis
539 2539 732 2612 paterentur.
772 2531 817 2594 Ut
840 2538 889 2592 est
911 2530 989 2592 Sall.
1011 2531 1078 2611 lug.
1104 2531 1142 2592 15
1164 2530 1285 2592 Deinde
1301 2531 1424 2610 utrique

160 2631 249 2694 curia
281 2632 491 2713 egrediuntur,
517 2632 563 2694 sic
589 2632 658 2693 Liv.
686 2632 738 2705 45,
754 2633 812 2715 20,
834 2632 854 2693 3
877 2631 962 2693 curia
984 2631 1119 2693 excessit
1141 2631 1275 2692 scribere
1298 2637 1424 2710 oporte·

160 2731 226 2807 bit3
247 2752 348 2814 neque
369 2734 419 2796 vel
441 2733 467 2796 si
489 2740 641 2796 annueret
663 2727 925 2805 Vindob'ouensis,
947 2730 1143 2794 tolerandum
1167 2732 1251 2793 ultra
1271 2739 1357 2794 esset
1372 2731 1425 2803 45,

162 2833 213 2906 13,
238 2834 277 2896 12
299 2852 410 2896 navem
433 2851 564 2915 egresso.
609 2832 658 2897 Ol.
681 2833 773 2897 Caes.
795 2835 825 2895 b.
849 2832 888 2896 G.
911 2833 942 2906 4,
964 2834 1002 2895 21
1028 2839 1061 2895 et
1082 2833 1133 2907 24,
1155 2833 1231 2894 item
1254 2831 1296 2894 26
1317 2839 1351 2894 et
1372 2825 1423 2894 27.

163 2933 228 2996 (lic.
250 2935 360 2996 Vatin.
383 2934 413 3010 5,
437 2935 486 2997 12.

245 3036 339 3110 30‚5
367 3055 448 3110 suos,
470 3037 491 3098 i.
515 3056 541 3098 e.
564 3037 714 3117 quosdam
737 3053 813 3096 suae
835 3034 1109 3116 gentishomines.
1152 3034 1318 3116 Utrimque
1340 3033 1424 3096 iniu-

160 3136 226 3198 riae
260 3137 364 3200 laotae
398 3143 502 3199 eraut:
535 3137 668 3200 Romani
696 3154 768 3198 suos
796 3136 837 3196 ab
865 3135 1003 3209 Sabinis,
1025 3135 1057 3197 bi
1080 3155 1152 3197 suos
1175 3136 1215 3197 ab
1237 3135 1300 3197 illis
1322 3136 1423 3198 minus

161 3235 334 3300 liberaliter
354 3237 480 3300 habitos
502 3238 726 3319 querebantur3
749 3235 918 3309 Romanos,
939 3237 971 3297 in
994 3236 1106 3317 quibus
1129 3235 1239 3299 Sabini
1262 3237 1425 3316 peccavis-

160 3345 243 3412 sent,
265 3339 475 3420 negctiatores
497 3337 594 3401 fuisse
617 3345 649 3400 et
669 3338 702 3400 in
724 3343 809 3400 terra
831 3336 1018 3400 Sabinorum
1041 3336 1157 3418 negotii
1177 3355 1272 3398 causa
1287 3355 1423 3400 commc-

160 3446 269 3502 rantes
302 3440 342 3502 ab
374 3438 424 3513 iis,
456 3439 600 3501 nimirum
629 3446 738 3500 contre
764 3439 813 3500 ius
841 3438 989 3518 gentium,
1013 3438 1265 3517 comprehensam
1288 3437 1423 3500 Sabinos

161 3541 343 3620 transfugas
364 3540 427 3602 ism
450 3547 535 3613 ente,
557 3537 626 3601 cum
649 3540 759 3620 culpae
782 3539 826 3600 rei
848 3539 966 3600 Romae
988 3539 1163 3618 perfugium
1185 3545 1218 3600 et
1235 3538 1423 3618 praesidium

161 3641 275 3704 salutis
297 3640 535 3721 quaesivissent,
558 3640 791 3721 reposcentibus
814 3639 933 3702 civibus
955 3659 1015 3701 non
1035 3639 1166 3702 deditos.
1199 3639 1327 3720 Hiquid
1340 3659 1425 3702 eom-

161 3742 306 3804 miserint
326 3749 383 3804 aut
405 3741 492 3806 cuius
514 3741 635 3822 generis
658 3741 797 3802 homines
820 3739 946 3813 fuerint,
969 3759 1026 3802 nee
1045 3740 1202 3802 indicatur
1220 3761 1276 3803 nec
1293 3741 1424 3803 indicari

161 3842 383 3924 necesseluit:
405 3843 437 3904 id
461 3849 529 3904 erat
552 3843 727 3915 dicendum,
749 3842 868 3904 Romae
886 3841 1021 3904 Sabinos
1042 3841 1211 3903 contraius
1223 3841 1360 3921 gentium
1373 3863 1424 3905 re-

160 3950 277 4017 tentos,
298 3943 430 4024 ideoque
453 3944 592 4025 utrisque
612 3944 652 4005 ab
668 3943 776 4005 alteris
794 3942 924 4004 iniurias
938 3943 1051 4004 factes.
1085 3942 1173 4004 Dicit
1189 3942 1329 4023 Madvig,
1346 3962 1424 4024 quo-

160 4045 243 4106 tiens
262 4045 302 4106 ad
321 4044 403 4106 hunc
420 4044 520 4106 locum
536 4044 673 4119 redierit,
688 4063 722 4106 se
737 4043 929 4123 suspicatum
943 4063 1011 4105 esse
1023 4062 1115 4105 unam
1129 4062 1234 4105 vocem
1247 4045 1286 4106 cb
1299 4043 1424 4106 littera-

160 4163 228 4208 rum
251 4144 486 4208 similitudinem
509 4145 661 4207 excidisse
683 4145 868 4224 Liviumque
891 4144 1067 4224 scripsisse:
1090 4143 1201 4206 Sabini
1223 4163 1295 4206 suos
1318 4163 1423 4208 servos

160 4235 248 4327 prius
269 4252 326 4308 ctt.
348 4244 380 4308 A
401 4245 555 4326 prioribus
578 4246 692 4308 litteris
714 4266 770 4309 uos
791 4244 896 4328 (suos)
914 4245 1073 4307 librarium
1088 4245 1283 4307 aberravisse
1297 4247 1337 4307 ad
1351 4265 1423 4308 eas·

161 4347 232 4409 dem
261 4345 360 4410 altero
383 4347 449 4409 loco
471 4345 592 4427 positas
614 4348 759 4429 (seruos).
803 4345 850 4408 At
871 4366 943 4408 suos
966 4365 1072 4407 servos
1093 4353 1160 4408 tum
1184 4347 1306 4408 demum
1330 4346 1422 4408 scribi

160 4447 302 4528 potuisse
335 4455 477 4528 apparet,
510 4449 537 4508 si
564 4454 638 4510 autc
667 4449 705 4510 de
728 4446 827 4510 servis
850 4447 1059 4509 Romanorum
1083 4447 1200 4509 mentio
1222 4449 1309 4508 facta
1328 4452 1424 4521 esset,

159 4549 254 4630 idque
275 4549 329 4610 ubi
351 4548 450 4610 sensit
471 4547 519 4610 vir
542 4549 741 4622 clarissimus,
764 4568 784 4610 a
805 4568 838 4610 se
860 4548 929 4627 ipso
951 4533 1126 4610 desciscens
1142 4567 1202 4609 non
1218 4567 1291 4610 suos
1306 4566 1422 4622 servos,

160 4651 215 4712 ssd
230 4635 232 4644 '
247 4667 353 4711 servos
374 4667 447 4711 suos
470 4649 557 4712 dedit
578 4649 610 4710 in
632 4649 772 4712 cretione
794 4647 943 4710 Liviana:
964 4648 998 4709 id
1020 4655 1126 4710 tamen
1149 4647 1174 4710 si
1197 4647 1348 4727 scriptum
1372 4648 1387 4710 f
1406 4684 1423 4695 -

159 4751 247 4823 isset,
275 4750 446 4824 librarium,
472 4751 498 4811 si
527 4751 746 4824 aberravisset,
768 4750 816 4811 ita
837 4749 1053 4812 aberraturum
1077 4750 1172 4811 fuisse
1195 4767 1321 4810 neeesse
1344 4757 1422 4824 erat,

160 4859 196 4913 ut
221 4851 364 4931 proxime
392 4851 517 4933 syllaba
544 4871 596 4914 ser
620 4851 711 4913 finita
733 4859 827 4931 atque
850 4852 891 4912 ad
913 4850 1120 4930 posteriouem
1144 4849 1339 4932 sequentium
1363 4852 1423 4913 du-
