3574 5632
365 656 403 712 vl
649 663 848 734 Epilegomona
870 663 906 717 ad
928 663 961 718 Τ.
984 662 1056 718 Livii
1080 663 1182 718 librum
1205 664 1335 734 primum.

448 829 585 912 Urgetur
608 853 627 894 a
648 834 806 915 Madvigio
829 833 1006 897 »iuvenis
1029 834 1255 897 simulationem
1280 834 1453 910 induenti,
1474 837 1556 917 quod
1574 834 1625 896 ni-

365 921 473 995 mirum
508 952 651 1012 perverse
685 935 846 997 diceretur.
891 935 1013 997 Dicitur
1044 933 1127 998 alius
1155 936 1279 1018 ingenio
1308 937 1415 999 eodem
1439 937 1539 1010 modo,
1564 955 1624 1018 quo

365 1033 533 1108 dissimilis,
556 1035 696 1096 diversus
718 1035 849 1117 ingenio.
894 1035 984 1106 Quod
1006 1036 1076 1098 vult
1097 1037 1225 1118 Madvig
1248 1035 1331 1099 alius
1353 1037 1481 1121 ingenii,
1501 1037 1566 1099 iam
1583 1038 1623 1098 ob

363 1135 394 1196 id
419 1134 545 1197 dubium
569 1144 626 1209 est,
650 1138 730 1217 quod
754 1137 908 1217 genitivus
931 1138 1010 1199 alius
1034 1157 1093 1199 non
1117 1145 1165 1199 est
1182 1139 1332 1200 sermonis
1346 1138 1479 1201 Liviani.
1514 1137 1626 1201 Potuit

365 1235 471 1297 Livius
496 1237 524 1309 l,
547 1234 596 1310 59,
619 1235 639 1298 8
662 1239 699 1298 de
721 1238 843 1318 ingenio
867 1237 995 1300 alicuius
1018 1238 1100 1300 modi
1123 1239 1269 1301 simulato
1292 1240 1385 1320 loqui,
1407 1240 1551 1320 idemque
1574 1237 1626 1301 hic

365 1338 494 1399 eundem
527 1339 657 1399 Brutum
687 1338 787 1400 dicere
809 1339 942 1402 hominis
965 1339 1094 1401 alicuius
1117 1340 1199 1401 modi
1222 1339 1449 1403 simulationem
1473 1341 1623 1403 induisse.

365 1439 509 1500 Ceterum
544 1439 703 1500 contendit
735 1439 860 1522 iugenio
892 1441 942 1502 hio
975 1459 1029 1520 pro
1063 1441 1182 1522 ingenii
1209 1441 1316 1503 eadem
1346 1441 1466 1504 ratione
1494 1442 1526 1502 in
1550 1442 1621 1503 cdd.

364 1538 512 1618 scriptum
548 1559 625 1613 esse,
659 1561 720 1621 qua
748 1541 778 1613 4,
803 1542 851 1614 13,
876 1543 914 1603 13
946 1541 1073 1602 consilia
1095 1562 1150 1622 pro
1173 1541 1301 1604 consilii.
1345 1541 1392 1603 At
1413 1562 1434 1604 a
1456 1550 1488 1604 et
1508 1542 1518 1602 i
1541 1543 1626 1603 inter

364 1659 397 1700 se
433 1641 716 1715 commutabantur,
750 1662 808 1703 non
842 1643 916 1704 item
947 1662 964 1703 o
993 1650 1025 1703 et
1053 1642 1073 1714 i,
1103 1662 1289 1723 quamquam
1319 1643 1382 1704 alia
1409 1663 1530 1725 quoque
1558 1641 1625 1704 illic

366 1741 476 1802 aderat
499 1761 594 1802 causa
616 1743 772 1817 mutandi3
795 1742 845 1804 hio
868 1750 975 1806 contra
997 1743 1126 1824 ingenii,
1149 1743 1175 1805 si
1199 1744 1302 1817 luerit,
1325 1764 1379 1806 cur
1399 1751 1554 1806 mutatum
1572 1743 1625 1816 sit,

366 1861 424 1902 non
447 1841 477 1902 in
502 1849 610 1921 aperto
634 1850 690 1904 est.
736 1844 796 1905 Per
818 1845 965 1924 ambages
989 1843 1191 1906 mutationem
1217 1845 1347 1906 iactam:
1371 1865 1441 1906 nam
1467 1845 1624 1926 aliquam-

365 1943 416 2004 diu
439 1942 551 2023 ingeui,
576 1943 682 2005 consili
706 1945 810 2017 fuisse,
833 1945 944 2006 deinde
967 1945 1076 2005 falsam
1099 1944 1236 2006 litteram
1257 1944 1414 2021 additam3
1438 1945 1624 2007 monendum

365 2063 435 2105 vero
465 2051 522 2117 est,
550 2063 664 2106 morem
693 2044 811 2106 illumi
835 2065 889 2126 pro
911 2046 933 2106 ii
956 2045 1109 2107 scribendi
1132 2047 1171 2108 ad
1194 2045 1346 2126 genitivos
1369 2046 1525 2108 nominum
1549 2065 1623 2128 pro-

366 2145 499 2224 priorum
522 2145 716 2224 potissimum
741 2146 903 2226 pertinere.

448 2244 498 2319 56,
523 2247 557 2307 ll
583 2246 736 2307 redissent
757 2247 847 2308 hodie
870 2247 960 2327 vulgo
983 2246 1106 2326 legitur,
1129 2254 1164 2309 ut
1187 2254 1235 2308 est
1256 2247 1286 2308 in
1311 2249 1380 2310 edd.
1400 2255 1473 2309 ante
1488 2247 1623 2322 Aldum3

364 2348 417 2408 sed
452 2346 581 2408 redisset
614 2347 751 2409 codicum
786 2356 834 2409 est
867 2348 1030 2427 scriptura,
1065 2349 1203 2428 exceptis
1237 2348 1394 2411 vilioribus
1427 2348 1623 2430 quibusdam,

365 2468 493 2528 eamque
528 2449 744 2527 praetulerunt
778 2469 845 2511 cum
879 2449 995 2510 multae
1030 2447 1109 2509 aliae
1138 2449 1206 2511 edd.
1236 2457 1302 2511 turn
1324 2451 1407 2530 Mog.
1431 2448 1506 2512 Sob.
1528 2449 1621 2510 Frob.

364 2547 456 2611 Grut.
485 2547 580 2611 Gron.
605 2549 684 2612 Cler.
708 2549 798 2612 Orev.
822 2549 912 2613 Giov.
935 2551 1041 2611 Hertz.
1085 2547 1138 2612 Sic
1160 2549 1241 2612 iuter
1264 2551 1377 2613 fratres
1400 2550 1554 2624 convenit,
1577 2557 1621 2623 ut,

303 2643 304 2652 ’
365 2649 425 2710 utri
448 2658 530 2711 sorte
553 2650 584 2710 id
606 2650 654 2711 ius
678 2650 842 2724 evenisset,
866 2651 892 2712 ei
915 2657 987 2730 post
1008 2649 1141 2712 reditum
1165 2671 1253 2714 suurn
1272 2651 1365 2713 matri
1383 2650 1468 2731 prins
1484 2651 1621 2713 osculum

364 2751 438 2812 dare
466 2751 706 2830 permitteretur.
751 2752 811 2813 Hie
833 2760 868 2814 ut
890 2752 928 2813 de
951 2752 1041 2812 huius
1063 2750 1139 2825 iure,
1163 2752 1206 2813 sic
1229 2751 1323 2814 etiam
1348 2754 1385 2814 de
1407 2751 1499 2814 huius
1521 2750 1622 2832 potis-

364 2852 474 2913 simum
504 2852 605 2914 reditu
628 2852 744 2914 dictum
769 2861 826 2915 est.
871 2853 918 2915 De
941 2852 1102 2933 utriusque
1124 2853 1226 2914 reditu
1248 2854 1332 2935 loqui
1355 2853 1430 2915 nihil
1454 2853 1622 2915 attinebat.

363 2953 475 3034 ltaque
509 2953 632 3014 minime
664 2953 800 3034 cogimur
824 2955 856 3015 in
884 2954 943 3015 hac
966 2973 997 3014 re
1022 2973 1073 3014 eos
1097 2953 1164 3015 odd.
1188 2956 1338 3027 deserere,
1363 2975 1438 3036 quos
1461 2953 1549 3036 sequi
1571 2970 1623 3015 so-

364 3055 471 3115 lenius.

449 3153 499 3228 58,
522 3154 541 3216 ὅ
571 3175 640 3216 cum
667 3155 789 3216 uicisset
818 3154 893 3217 obst.
917 3155 997 3238 pud.
1021 3154 1103 3216 uelut
1124 3156 1241 3217 uicinia
1262 3155 1372 3229 libido,
1394 3156 1414 3218 i.
1434 3176 1459 3218 e.
1484 3177 1552 3220 oum
1575 3156 1623 3216 vi-

366 3256 459 3318 cisset
481 3255 603 3337 quidem
628 3256 733 3330 libido,
755 3264 861 3318 tamen
884 3257 929 3318 ita
952 3257 1088 3330 vicisset,
1112 3265 1146 3318 ut
1168 3257 1199 3317 in
1219 3257 1351 3338 speciem
1371 3264 1494 3320 tantum
1509 3257 1623 3321 victrix

366 3365 463 3419 esset:
487 3363 703 3436 reportaverat
725 3357 772 3419 vir
795 3357 975 3420 libidinosus
999 3357 1170 3432 victoriam,
1194 3366 1229 3420 at
1250 3357 1411 3420 victoriam
1435 3359 1622 3439 speciosam3

364 3458 529 3520 videbatur
551 3457 664 3521 victrix
687 3458 792 3533 libido,
815 3479 874 3520 non
898 3467 966 3520 erat
987 3480 1019 3520 re
1043 3479 1132 3534 vera3
1156 3479 1226 3520 narn
1246 3469 1505 3543 suspectantem,
1523 3459 1624 3543 inquit

364 3552 521 3632 Lucretia,
554 3569 598 3622 est
629 3557 790 3635 violatum,
824 3561 949 3622 animus
982 3561 1098 3634 insons,
1132 3581 1168 3622 ao
1196 3562 1233 3622 de
1256 3560 1353 3623 Sexto
1377 3560 1545 3643 Tarquinio
1567 3561 1623 3624 illa

364 3681 435 3722 vere
458 3661 515 3721 hoo
538 3660 716 3722 divinabat:
734 3660 922 3748 pestiferum
945 3660 1017 3724 laiac
1040 3659 1168 3722 abstulit
1188 3662 1350 3744 goudium.
1382 3662 1429 3725 Of.
1454 3661 1511 3724 Ov.
1533 3664 1620 3725 uest.

365 3763 394 3834 2,
416 3759 478 3822 809
501 3759 594 3835 Quid,
617 3761 725 3836 victor,
750 3763 887 3844 gaudes?
908 3763 986 3824 haec
1008 3770 1039 3824 te
1062 3762 1193 3824 victoria
1215 3764 1333 3842 perdet.
1378 3762 1440 3825 Ubi
1464 3763 1624 3842 praecedit

254 3921 259 3930 ,
365 3884 435 3924 cum
468 3862 591 3924 uicisset
623 3861 733 3937 libido,
766 3863 797 3924 iu
826 3862 874 3937 iis,
898 3883 976 3945 quae
999 3862 1196 3936 adiiciuntur,
1218 3861 1300 3926 velut
1321 3863 1437 3925 victrice
1458 3883 1518 3927 non
1541 3865 1624 3926 inest

366 3963 580 4036 contradictio,
614 3964 668 4026 sed
702 3964 849 4027 correctio
883 3965 1035 4045 quaedam
1070 3964 1119 4024 vel
1153 3964 1341 4030 terminatio.
1391 3959 1480 4026 Velut
1509 3965 1624 4028 nomini

365 4064 518 4126 adiectivo
540 4065 589 4126 vel
612 4065 776 4145 participio
800 4065 976 4145 appositum
1000 4065 1155 4127 interdum
1178 4065 1334 4146 significat
1357 4065 1474 4147 aliquid
1489 4065 1623 4148 speciem

366 4166 520 4246 quandam
545 4184 619 4245 prae
642 4187 675 4228 se
698 4167 777 4228 ferre
800 4174 856 4227 aut
878 4185 917 4227 ex
939 4165 1081 4245 opinione
1103 4165 1232 4228 alicuius
1247 4167 1278 4229 in
1295 4166 1429 4249 quodam
1444 4174 1532 4229 statu
1547 4187 1622 4229 esse.

365 4267 416 4340 22,
438 4265 490 4339 41,
511 4265 533 4328 8
555 4274 660 4329 castra
682 4267 756 4347 iuga
778 4267 969 4329 dominorum
992 4264 1074 4329 uelut
1092 4267 1214 4330 deserta
1236 4267 1445 4343 nominantur,
1468 4287 1547 4350 quae
1570 4287 1624 4348 per

366 4366 499 4446 speciem
534 4367 658 4430 deserta
691 4375 789 4430 erant.
834 4368 884 4441 24,
912 4362 1005 4442 227
1033 4368 1157 4448 prodita
1184 4387 1257 4450 pars
1285 4368 1369 4430 urbis
1398 4367 1623 4452 Syracusarum

366 4465 447 4529 velut
474 4468 686 4530 munitissima
715 4469 828 4531 dicitnr
850 4489 897 4543 ea,
921 4489 999 4551 quae
1023 4489 1125 4531 eorum
1150 4469 1292 4549 opinione
1315 4470 1524 4532 munitissima
1546 4476 1623 4542 erat,

366 4569 431 4630 sive
454 4589 532 4650 quae
555 4569 688 4649 speciem
712 4589 850 4632 summae
873 4569 1030 4631 firmitatis
1053 4570 1234 4649 praebebat.
1278 4569 1375 4632 Aliud
1399 4579 1447 4632 est
1469 4569 1533 4632 noel
1555 4591 1624 4632 mu-

366 4669 549 4744 nitissima»,
571 4670 602 4731 in
627 4672 707 4753 quod
731 4679 856 4733 auctore
880 4669 1035 4733 Gronovio
1058 4671 1149 4752 vulgo
1172 4677 1320 4733 mutatur.
1365 4672 1432 4733 Hoc
1455 4680 1571 4745 autem,
1592 4671 1625 4734 in

368 4791 427 4852 qno
450 4791 619 4845 versamur,
642 4773 708 4835 loco
730 4770 811 4834 velut
834 4773 946 4833 victrix
967 4772 998 4833 in
1022 4769 1068 4833 aa
1090 4773 1122 4833 oi
1136 4771 1248 4834 victrix
1263 4779 1418 4834 mutatum
1435 4783 1483 4836 est
1498 4793 1518 4835 a
1532 4773 1626 4834 Mad-

369 4871 458 4954 vigio.
502 4870 602 4954 Atqui
625 4872 701 4935 dicit
724 4873 916 4954 scripturus
939 4872 1046 4936 mortis
1070 4873 1191 4957 quidem
1216 4880 1301 4936 motu
1322 4873 1464 4936 inclinari
1487 4873 1626 4956 potuisse
