3584 5632
462 638 662 708 Epilegomcne
684 639 719 694 ad
742 638 774 693 T.
799 639 871 692 nivii
895 639 995 692 librum
1018 637 1149 706 primum.
1400 634 1433 688 l‘l

168 810 293 872 teribus
321 809 526 883 scribebatur,
557 828 650 872 nosne
680 809 782 889 potins
812 809 1016 888 posteriorum
1045 815 1219 888 temporum
1243 806 1435 884 corruptelae

170 909 314 973 imitari?

261 1011 312 1084 35,
334 1010 355 1072 8
387 1009 473 1072 Tunc
495 1012 639 1094 primam
666 1012 757 1072 simul
787 1030 824 1072 ac
851 1010 881 1072 in
905 1010 939 1071 M
962 1029 1029 1072 esse
1054 1015 1269 1089 compererunt
1291 1006 1436 1081 editores,

172 1123 207 1174 et
242 1113 360 1191 priores
393 1132 500 1174 omnes
532 1121 563 1173 et
593 1112 713 1175 codices
737 1119 865 1185 ceteros,
888 1111 939 1193 qui
961 1110 1089 1190 vulgare
1110 1109 1186 1172 illud
1210 1119 1276 1171 tum
1292 1109 1436 1193 prienam

173 1212 281 1295 (velut
312 1213 339 1286 l,
362 1213 413 1285 33,
436 1213 470 1290 6)
499 1221 636 1288 tuentur,
666 1215 879 1284 deseruerunt,
901 1231 1009 1291 parum
1034 1231 1184 1273 memores
1206 1211 1267 1272 iam
1294 1210 1321 1284 l,
1343 1211 1394 1282 22,
1417 1207 1436 1272 6

175 1315 211 1376 Μ
242 1315 347 1376 eodem
378 1315 466 1375 modo
489 1333 563 1393 prae
587 1313 697 1376 ceteris
721 1314 882 1386 erravisse,
906 1333 964 1394 quo
988 1313 1054 1374 loco
1077 1332 1114 1374 ne
1137 1312 1234 1373 Hertz
1257 1311 1377 1392 quidem
1401 1317 1437 1372 ut

175 1435 247 1476 eum
271 1421 453 1494 sequeretur
475 1415 628 1476 adductus
651 1422 709 1476 est.

263 1509 314 1588 37,
337 1517 356 1576 2
385 1536 454 1576 curn
483 1513 597 1576 hostem
625 1515 813 1600 effupisseut‚
845 1515 878 1574 in
898 1511 1035 1600 flumine
1062 1513 1131 1597 ipso
1154 1513 1294 1597 periere:
1316 1512 1436 1574 hostem

177 1617 353 1678 Romanurn
384 1615 556 1695 effugerant
584 1615 703 1688 Sabini,
734 1615 887 1677 Anienem
910 1613 1022 1676 flumen
1047 1633 1105 1676 nou
1130 1615 1312 1694 effugerunt·
1357 1612 1439 1684 Quia

177 1723 379 1796 opponuntur
400 1715 482 1778 inter
503 1736 536 1778 se
561 1736 640 1797 quae
663 1718 722 1778 duo
746 1723 836 1776 erant
859 1716 950 1796 fugae
972 1715 1206 1795 impedimenta,
1227 1715 1326 1777 hostis
1347 1714 1439 1776 nimi-

176 1837 246 1880 rum
270 1825 302 1879 et
324 1817 447 1890 flumen,
472 1837 616 1879 uumerus
640 1817 816 1898 singularis,
839 1815 945 1887 boetia,
968 1824 1062 1896 aptus
1085 1823 1143 1890 est,
1167 1835 1297 1896 enrnqne
1320 1823 1439 1888 tenent,

177 1926 214 1981 ut
237 1917 357 1980 codices
380 1925 504 1997 praeter
526 1918 570 1992 Μ,
593 1918 637 1980 sic
659 1919 730 1980 iude
754 1919 793 1978 ab
817 1919 864 1980 ed.
890 1918 916 1979 l.
941 1916 1109 1978 editionum
1136 1924 1204 1978 tota
1223 1917 1318 1978 series
1343 1935 1439 1998 usque

178 2020 217 2080 ad
247 2019 366 2092 Alsch,
393 2039 412 2080 a
435 2039 494 2100 qno
517 2019 655 2100 plerique
677 2019 708 2081 in
733 2020 860 2080 eandem
885 2018 1047 2080 lectionem
1071 2017 1167 2080 illecti
1190 2026 1272 2084 sunt.
1315 2018 1342 2080 E
1366 2037 1440 2080 con-

178 2121 275 2182 trario
303 2119 354 2193 53,
378 2114 407 2194 7,
439 2120 490 2182 ubi
520 2121 560 2183 ad
588 2119 694 2182 hostes
722 2119 822 2200 patris
852 2119 910 2180 sibi
934 2119 1170 2200 confugiendum
1195 2119 1290 2182 luisse
1313 2118 1441 2182 simulat

178 2221 271 2295 filins,
294 2221 424 2302 pluralis
446 2222 546 2284 forma
567 2221 744 2304 requiritur,
769 2228 933 2302 errantque
956 2219 1013 2282 soli
1037 2221 1105 2282 cdd.
1129 2220 1324 2301 transalpini.

263 2318 313 2396 37,
336 2321 356 2386 6
375 2331 463 2406 pcata
484 2344 533 2385 rae
555 2332 638 2396 eratr
661 2341 793 2404 namque
816 2323 853 2384 de
877 2341 938 2384 nna
959 2341 1003 2394 re,
1021 2340 1125 2402 pugna
1141 2329 1308 2401 temptate,
1328 2321 1439 2404 agitur.

181 2423 226 2488 Ut
257 2443 351 2504 saepe
373 2424 404 2486 iu
428 2425 496 2486 cdd.
521 2444 569 2486 res
593 2443 661 2486 cum
685 2424 771 2485 verbi
794 2423 894 2484 forma
916 2422 1029 2502 plurali
1053 2423 1132 2484 falso
1155 2423 1355 2504 iungitur-
1377 2422 1440 2484 vid.

181 2525 337 2588 Livienor.
361 2524 429 2588 libr.
453 2525 477 2586 I.
502 2526 566 2588 dec.
591 2525 802 2586 emendandae
825 2525 905 2586 ratio
928 2543 958 2604 p.
981 2523 1031 2596 36,
1056 2525 1135 2587 adde
1161 2525 1188 2598 l,
1213 2525 1261 2598 13,
1280 2525 1442 2587 4Movent

180 2647 230 2690 res
252 2661 303 2700 -‚
326 2627 370 2690 sic
398 2625 429 2689 in
459 2627 492 2688 M
515 2625 660 2704 hocloco
683 2625 743 2687 l'uit
765 2647 814 2687 res
836 2635 934 2698 erant,
958 2627 1187 2706 propterquod
1212 2625 1322 2688 deinde
1345 2625 1440 2688 etiam

180 2737 267 2812 qesta
295 2727 325 2788 iu
352 2735 445 2810 paeto
474 2734 627 2790 mutatum
659 2734 717 2800 est,
740 2727 832 2808 idque
856 2727 983 2801 dictunr,
1007 2734 1042 2788 nt
1063 2727 1129 2788 fieri
1151 2727 1241 2799 solet,
1263 2727 1294 2788 in
1318 2726 1443 2807 aliquod

183 2838 305 2909 tempus
327 2829 358 2890 in
383 2829 451 2892 edd.
475 2829 625 2910 quasdem
649 2827 838 2908 inmigravit.

264 2929 316 3003 43,
341 2929 379 2992 13
409 2951 428 2992 a
456 2927 572 2992 tributo
601 2929 718 3009 primus
746 2928 854 2990 Alsch.
884 2949 922 2990 ex
945 2929 978 2990 M
1002 2947 1069 2990 cnm
1093 2928 1201 3008 paucis
1224 2929 1340 2990 mixtis.
1384 2930 1444 2992 Est

183 3033 262 3112 qnod
284 3029 489 3093 restituamus
512 3037 682 3092 ceterorum
707 3030 844 3093 codicum
869 3037 963 3111 etque
987 3029 1120 3091 omniurn
1146 3038 1219 3092 ante
1242 3030 1352 3092 Alsch.
1375 3031 1443 3092 edi-

183 3133 301 3195 tionum
335 3131 522 3212 soripturem
550 3129 590 3193 ab
619 3129 746 3204 tributo,
775 3131 892 3210 pariter
920 3137 1015 3211 atque
1038 3131 1088 3202 50,
1110 3130 1130 3192 4
1153 3130 1192 3192 ab
1215 3131 1307 3194 domo
1330 3130 1401 3214 (pro
1425 3153 1445 3194 a

183 3232 274 3296 domo
296 3230 357 3315 M).

266 3329 319 3406 47,
331 3332 350 3394 b
358 3330 481 3418 fratria
499 3329 637 3396 similior
653 3354 748 3417 quam
762 3332 867 3416 patrie
885 3331 1062 3394 coniectura
1080 3341 1129 3394 est
1147 3331 1349 3407 Alschefskii,
1364 3351 1444 3414 quae

185 3454 223 3496 ex
245 3442 334 3513 parte
357 3434 388 3496 in
411 3433 545 3514 speciem
569 3433 676 3515 utique
700 3433 810 3495 nititur
833 3433 935 3495 codice
958 3434 1002 3507 M,
1028 3453 1117 3514 quern
1141 3435 1299 3496 tamenin
1324 3454 1359 3497 eo
1383 3453 1442 3496 nou

185 3535 348 3616 diligenter
370 3535 529 3609 describit,
552 3535 632 3616 quod
651 3555 690 3596 m.
711 3535 737 3595 l.
758 3543 840 3596 etm.
854 3535 883 3594 2.
902 3534 1019 3614 pariter
1035 3534 1149 3596 habere
1161 3532 1353 3620 frisimilior
1372 3554 1443 3615 per-

185 3637 280 3711 hibet,
305 3635 371 3697 »die
393 3636 504 3698 Worte
528 3634 614 3697 nicbt
636 3643 781 3716 getrennt
804 3636 865 3696 und
889 3636 943 3696 der
966 3635 1146 3698 Consonant
1168 3636 1255 3698 nicht
1270 3656 1343 3716 gern
1359 3636 1443 3697 2mal

186 3736 411 3818 gescbrieben»,
436 3743 470 3798 ut
493 3737 625 3798 adnotat
647 3736 815 3798 Kuehnast
836 3736 905 3800 Liv.
929 3735 1020 3816 Synt.
1044 3755 1073 3814 p.
1099 3737 1168 3797 125.
1192 3737 1270 3798 Esse
1292 3736 1387 3818 igitur
1405 3736 1444 3798 ob

187 3857 252 3900 eam
286 3857 412 3899 causam
446 3857 539 3898 unum
569 3857 584 3898 s
607 3844 732 3916 putant,
761 3837 840 3918 quod
870 3836 965 3898 verba
993 3856 1051 3898 non
1076 3837 1177 3898 divisa
1199 3837 1272 3910 sint,
1296 3845 1390 3918 atque
1412 3837 1443 3898 in

184 3939 238 4002 illc
260 3937 437 4000 confusione
460 3937 694 4018 intelligendum
719 3957 785 4000 esse
802 3935 1069 4023 fratriesimc'la‘or.
1103 3938 1141 3999 Id
1162 3957 1235 4000 vero
1258 3938 1371 4000 falsum
1386 3945 1445 4011 est,

187 4059 256 4102 uum
286 4038 432 4102 distincte
461 4039 587 4119 scripsit
614 4038 759 4100 librarius
776 4037 845 4122 fris
867 4035 988 4100 imilior
1010 4039 1131 4119 virgula
1152 4057 1245 4119 snper
1267 4039 1298 4101 ri
1320 4039 1444 4102 littera-

187 4159 251 4203 rum
276 4139 489 4220 compendium
512 4139 680 4213 indicante,
704 4160 760 4202 nec
782 4139 862 4200 alins
885 4159 968 4201 error
991 4139 1051 4201 luit
1074 4159 1164 4220 quarn
1189 4159 1203 4200 s
1226 4159 1281 4202 suo
1297 4141 1443 4202 locomo-

189 4249 262 4316 turn,
297 4241 556 4322 quemadmodum
591 4241 671 4302 male
705 4239 869 4302 dividendo
901 4239 1026 4319 scripsit
1052 4240 1131 4302 idem
1156 4238 1207 4318 48,
1230 4241 1249 4302 5
1273 4241 1445 4303 necrenerit

188 4349 326 4404 arcetum
363 4338 437 4424 (nec
469 4341 604 4404 reverita
637 4344 784 4422 coetum),
817 4340 910 4414 24,4
938 4349 985 4402 ter
1015 4360 1146 4421 exposco
1176 4340 1224 4424 (te
1246 4362 1301 4403 rex
1325 4345 1444 4423 posco),

188 4443 237 4517 32,
261 4442 299 4504 12
327 4442 456 4523 puropio
480 4462 559 4523 quae
582 4443 620 4503 de
642 4442 723 4506 ucllo
748 4449 840 4521 (puro
863 4441 974 4522 pioque
998 4441 1126 4525 duello).
1170 4441 1298 4505 Sicubi
1321 4442 1445 4504 exstitit

183 4541 310 4629 fratria,
343 4543 434 4606 facile
469 4545 507 4605 ad
541 4542 773 4604 similitudinem
804 4543 940 4604 effictum
969 4549 1017 4603 est
1039 4542 1230 4624 subsequens
1247 4543 1363 4626 patrie.
1407 4544 1443 4605 Id

188 4654 291 4706 tamen
327 4645 440 4706 addere
473 4642 588 4706 oblitus
621 4662 700 4714 sum,
729 4643 795 4704 sin
822 4644 928 4726 patrie
957 4652 1068 4723 postea
1095 4645 1230 4706 deletum
1259 4663 1326 4706 esse
1350 4651 1444 4724 atque

189 4745 317 4808 diversis
348 4744 468 4806 lineolis
491 4744 623 4806 alterum
647 4767 662 4805 s
682 4744 754 4806 hinc
777 4764 796 4804 a
812 4742 865 4829 fri
888 4744 1059 4806 seiunctum
1083 4743 1168 4806 illinc
1190 4745 1228 4805 ad
1252 4742 1372 4806 imilior
1394 4765 1445 4808 re-

189 4854 332 4908 tractum.
377 4844 499 4918 Quibus
528 4845 621 4908 factis
644 4845 869 4908 mutationibus
891 4843 968 4908 haec
992 4851 1097 4905 exstat
1120 4844 1210 4906 lectio
1228 4843 1333 4930 fratri
1354 4846 1442 4908 eimi-

235 4988 358 5038 Frigell,
384 4989 539 5038 Epileporneno
553 4989 582 5027 ud
598 4990 621 5027 T.
636 4989 697 5028 Liuii
712 4989 790 5028 zibrana
803 4988 906 5036 primum.
1383 4990 1395 5026 2
