3574 5632
473 621 672 692 Epilegomana
694 623 728 676 ad
752 622 783 676 Τ.
808 622 881 677 nivii
903 623 1006 677 librum
1030 624 1158 693 primum.
1405 622 1442 676 77

186 793 339 874 expetivit
372 795 471 875 prima
505 795 689 875 parasitatio
723 793 900 874 (processit,
928 796 1057 874 evenit),
1080 796 1174 858 Poen.
1198 798 1227 868 3,
1251 797 1281 869 3,
1303 798 1343 858 22
1366 797 1445 859 bono

187 897 212 958 si
237 896 427 968 malefacias,
450 897 481 958 id
505 904 641 958 aetatem
666 895 787 974 expetit
808 895 854 976 (in
879 902 979 956 totum
1004 897 1087 957 vitae
1110 905 1233 976 tempus
1258 897 1446 973 extenditur,

186 997 320 1081 manet),
353 997 419 1057 Mil.
452 999 481 1070 2,
503 997 534 1071 l,
556 999 596 1058 40
626 998 733 1057 eadem
764 996 793 1056 iu
824 996 965 1076 vigilanti
990 1005 1151 1075 expetunt,
1175 999 1306 1078 quaein
1330 1000 1445 1060 somnis

185 1099 254 1160 visa
282 1117 434 1159 memoras
457 1099 492 1178 (i.
517 1119 541 1159 e.
567 1098 737 1172 accidunt),
761 1097 876 1175 Amph.
904 1099 928 1170 l,
955 1099 981 1169 l,
1005 1099 1044 1158 20
1067 1097 1096 1158 in
1120 1098 1270 1160 servitute
1295 1109 1446 1178 expetunt

186 1200 287 1260 multa
316 1199 422 1278 iniqua
445 1198 481 1280 (i.
504 1220 530 1259 e.
553 1197 719 1280 incidunt),
746 1199 772 1270 l,
795 1200 824 1270 2,
848 1199 888 1258 33
911 1200 1001 1260 deum
1026 1219 1084 1259 non
1109 1219 1165 1278 par
1189 1200 1311 1261 videtur
1334 1202 1445 1275 facere,

186 1300 331 1361 delictum
356 1286 444 1360 suum
468 1319 617 1380 suamque
641 1299 761 1378 culpam
787 1308 932 1377 expetere
955 1299 984 1358 in
1007 1301 1165 1361 mortalem
1182 1309 1217 1362 ut
1231 1299 1446 1382 sinat(erum-

79 1483 100 1494 ,
187 1421 269 1480 pere,
292 1401 427 1461 recidere
450 1401 480 1460 iu
504 1409 599 1480 caput
622 1399 779 1481 mortale),
802 1402 832 1470 2,
859 1400 946 1471 ’1,45
970 1401 1128 1472 carnufex,
1152 1403 1260 1481 quoius
1284 1421 1339 1482 ego
1356 1403 1446 1463 hodie

186 1503 217 1563 in
252 1509 371 1580 tergum
404 1501 451 1583 (in
480 1511 566 1581 terge
596 1501 681 1583 cdd.)
710 1502 782 1562 faxo
805 1501 867 1560 ista
890 1508 1041 1580 expetant
1065 1503 1226 1563 mendacia
1248 1502 1294 1585 (h.
1320 1523 1345 1563 e.
1369 1504 1447 1564 reci-

188 1605 293 1684 dant),
315 1603 345 1674 3,
370 1602 397 1674 l,
423 1602 461 1679 12
484 1622 553 1662 mea
575 1603 617 1662 sit
640 1601 741 1680 culpa,
765 1603 843 1681 qnod
869 1609 991 1680 egomet
1013 1603 1229 1674 contraxerim,
1248 1603 1278 1663 id
1298 1604 1446 1665 Alcume-

188 1724 245 1765 nae
274 1703 300 1764 si
328 1703 484 1763 innocenti
508 1710 638 1782 expetat
660 1701 764 1784 (secus
788 1701 938 1783 eveniat),
961 1703 990 1772 3,
1014 1705 1043 1775 2,
1068 1703 1106 1764 15
1129 1704 1242 1764 insonti
1270 1703 1342 1764 mihi
1363 1704 1446 1765 illius

186 1806 234 1865 ira
255 1804 286 1864 in
309 1803 389 1864 hanc
413 1811 444 1864 et
467 1803 634 1864 maledicta
657 1811 805 1881 expetent
829 1802 1083 1881 (Amphitruonis
1106 1804 1152 1864 ira
1175 1812 1207 1864 et
1229 1805 1396 1865 maledicta
1414 1807 1444 1866 in

187 1907 392 1967 Alcumenam
416 1905 481 1965 Iovi
504 1905 618 1965 insonti
641 1903 785 1982 ingruent
808 1923 832 1963 s.
857 1904 936 1964 rnale
960 1905 1113 1975 evenient,
1136 1905 1182 1965 ita
1206 1914 1240 1966 ut
1262 1905 1298 1977 is,
1320 1906 1371 1985 qui
1387 1907 1446 1967 Al-

189 2026 335 2068 cumenae
360 2005 498 2066 convicia
520 2025 579 2066 non
604 2005 721 2076 fecerit,
745 2004 783 2065 ab
808 2024 845 2064 ea
867 2003 1062 2088 repellatur).
1100 2005 1254 2067 Dicuntur
1276 2005 1370 2084 igitur
1393 2026 1447 2086 per

189 2108 393 2169 archaismum
429 2106 553 2178 delicta,
583 2105 630 2166 vel
656 2105 736 2185 quod
760 2106 828 2185 quis
852 2097 1014 2176 commisit,
1038 2113 1183 2184 expetere
1207 2106 1298 2168 alicui
1321 2107 1447 2180 insonti,

188 2215 333 2287 expetere
366 2208 396 2267 iu
428 2207 522 2267 alium
553 2206 649 2268 multo
678 2206 864 2278 inferiorem,
888 2215 1033 2285 expetere
1057 2207 1085 2266 in
1110 2217 1230 2287 tergum
1254 2208 1299 2284 (in
1323 2207 1446 2292 tergof)

188 2309 278 2370 servi.
323 2308 389 2369 Nec
419 2315 525 2368 tamen
548 2307 721 2369 necessario
744 2307 894 2386 sequitur,
918 2315 952 2367 ut
975 2306 1079 2368 clades
1104 2307 1186 2380 belli,
1210 2308 1259 2368 vel
1283 2308 1447 2370 calamita·
1541 2365 1549 2376 ,

188 2418 246 2483 tes,
270 2428 348 2490 quae
372 2409 440 2488 quis
463 2408 603 2488 pertulit,
625 2409 655 2468 in
681 2407 785 2481 aliurn,
809 2406 950 2468 nimirum
974 2407 1005 2468 in
1030 2417 1185 2470 auctorem
1211 2428 1327 2482 earum,
1351 2428 1447 2490 expe-

188 2521 253 2571 tere
287 2509 429 2571 universe
463 2509 615 2571 dicantur.
661 2507 804 2570 Ceterum
841 2527 878 2568 ex
911 2508 1031 2588 vulgari
1063 2509 1207 2588 loquendi
1231 2529 1313 2571 more
1337 2511 1446 2572 Tullus

188 2613 261 2673 deos
283 2618 381 2672 testes
404 2611 488 2683 fecit,
511 2618 547 2671 ut
570 2609 686 2689 aliquid
710 2610 849 2670 facerent
871 2608 941 2688 ipsi,
965 2629 1023 2670 uon
1047 2609 1229 2689 simpliciter
1251 2630 1286 2672 eo
1310 2611 1447 2684 consilio,

188 2720 223 2774 ut
244 2731 293 2772 res
317 2711 422 2792 aliqua
444 2711 607 2772 accideret.

272 2807 364 2885 24,7
392 2809 458 2872 illis
486 2809 606 2894 lapibus
633 2831 695 2873 oca
723 2810 844 2896 deficiat
869 2813 915 2872 ita
944 2812 1057 2872 dictum
1089 2819 1147 2885 est,
1171 2821 1205 2873 ut
1227 2813 1304 2874 »illis
1328 2813 1447 2894 legibus

188 2913 390 2984 satisfaciet»,
424 2913 472 2973 vel
502 2913 660 2992 negative:
691 2912 751 2973 illis
782 2912 900 2988 legibus
924 2932 983 2973 non
1007 2913 1115 2981 deerit,
1139 2933 1198 2975 uon
1222 2914 1354 2975 infidelis
1377 2916 1446 2980 erit.

188 3015 298 3094 Itaque
320 3014 440 3094 legibus
463 3023 511 3075 est
534 3013 667 3075 dativus.
702 3013 804 3092 Vulgo
828 3023 932 3074 autern
956 3033 1010 3093 pro
1033 3013 1171 3075 ablativo
1188 3015 1322 3077 habetur
1340 3017 1446 3078 eodem

187 3135 291 3188 sensu,
325 3135 385 3195 quo
413 3135 431 3176 a
461 3115 578 3195 legibus
607 3134 666 3176 nou
696 3115 828 3189 deficiet,
856 3115 1017 3187 desciscat,
1047 3134 1079 3174 se
1108 3115 1231 3177 alienet.
1277 3115 1338 3186 Qui
1361 3117 1446 3178 verbi

191 3235 264 3278 usus
287 3217 352 3277 sine
375 3215 604 3295 praepositione
626 3214 786 3276 inauditus
810 3223 866 3276 est.

273 3311 365 3391 27,7
400 3315 472 3377 inde
506 3317 630 3378 causale
664 3336 731 3377 esse
763 3307 839 3376 dicit
867 3316 907 3376 H.
931 3317 955 3376 1.
980 3315 1118 3377 Mueller.
1164 3318 1209 3378 At
1239 3320 1275 3378 cf.
1303 3320 1445 3392 1,33,5

188 3420 296 3480 Aucus
319 3417 384 3480 acie
407 3418 539 3497 primum
563 3417 675 3491 vincit3
698 3417 769 3477 iude
792 3417 909 3497 ingenti
932 3418 1049 3497 praeda
1072 3426 1182 3495 potens
1205 3419 1334 3480 Romam
1356 3420 1446 3482 redit.

188 3520 239 3593 23,
264 3517 312 3591 16,
338 3519 376 3579 10
407 3518 596 3580 Hannibali.
612 3563 617 3576 .
633 3564 638 3576 .
654 3519 752 3598 primo
781 3517 928 3579 miraculo
958 3537 1035 3590 esse,
1064 3520 1143 3597 qnod
1159 3566 1164 3578 .
1181 3566 1186 3579 .
1201 3539 1225 3593 .;
1248 3528 1335 3582 ratus
1359 3522 1447 3582 dein-

188 3621 225 3682 de
248 3627 303 3682 ctt.

272 3718 366 3793 46,2
399 3719 508 3804 Neque
541 3741 576 3781 cc
609 3741 658 3782 res
692 3718 864 3803 Tarquinio
892 3741 977 3803 spem
1005 3718 1191 3805 adfectandi
1212 3722 1301 3804 rapui
1323 3723 1447 3796 micuit,

189 3822 292 3884 »Doch
316 3821 416 3883 dieser
438 3821 594 3883 Umstand
618 3821 769 3882 minderte
793 3819 879 3881 nicht
901 3823 955 3882 des
979 3821 1165 3903 Tarquinius
1188 3823 1345 3904 Hoffnung
1367 3824 1446 3886 nach

190 3923 257 3984 dem
282 3923 404 3984 Throne
427 3941 464 3984 zu
487 3923 638 3983 strabon».
684 3922 747 3983 Sed
771 3941 857 4000 spes
881 3922 1060 3983 adfectandi
1083 3923 1168 4002 regni
1191 3943 1249 3984 non
1274 3924 1320 3985 ita
1335 3925 1448 3986 dicitur

190 4033 224 4084 ut
248 4025 275 4096 l,
298 4024 349 4097 50,
371 4023 392 4084 4
414 4024 573 4084 adfectare
596 4023 757 4104 imperium
781 4022 812 4083 iu
834 4022 976 4095 Latinos,
1001 4031 1056 4083 aut
1080 4025 1110 4096 2,
1133 4018 1162 4094 7,
1185 4022 1204 4084 6
1226 4044 1353 4104 reguum
1377 4045 1445 4088 euru

189 4125 347 4186 adfectare
370 4125 455 4186 fama
478 4125 608 4197 ferebat,
634 4124 722 4203 quasi
745 4124 786 4184 sit
809 4125 1025 4186 tantummodo
1046 4131 1192 4203 appetere
1208 4144 1351 4206 regnum;
1374 4145 1445 4188 nam

189 4245 259 4304 spes
293 4233 379 4286 certa
412 4223 488 4309 (non
524 4224 659 4307 minuta)
682 4223 818 4285 minime
851 4224 978 4304 respicit
1007 4235 1162 4298 conatum,
1194 4226 1247 4286 sed
1271 4246 1445 4288 successum

190 4334 318 4388 conatus
342 4327 524 4406 felicemque
547 4325 589 4386 rei
614 4333 768 4386 eventum.
811 4325 920 4406 Neque
945 4327 1102 4387 adfectare
1126 4326 1251 4406 propria
1273 4327 1329 4388 illa
1350 4327 1446 4408 signi-

188 4427 332 4488 ficatione
355 4427 549 4499 terminatur,
573 4428 626 4486 sed
650 4433 744 4486 aucta
766 4427 795 4486 vi
811 4433 859 4486 est
874 4445 1020 4505 prospero
1038 4446 1181 4490 successu
1200 4435 1358 4506 appetere,
1375 4448 1448 4507 pro-

190 4547 277 4608 spere
301 4528 477 4608 appetendo
500 4527 664 4606 attingere,
691 4527 829 4606 adsequi,
853 4546 1012 4605 occupare.
1057 4526 1146 4588 Adeo
1171 4527 1376 4608 consequendi
1400 4528 1447 4588 vel

190 4628 331 4708 potiundi
363 4629 424 4691 iam
457 4628 527 4689 huic
556 4629 648 4688 verbo
672 4629 754 4688 inest
776 4628 870 4700 notio,
894 4630 963 4700 etsi,
987 4634 1022 4687 ut
1045 4629 1134 4690 modo
1157 4628 1302 4700 indicavi,
1326 4629 1448 4708 proprie

190 4730 303 4792 dicitur
331 4731 368 4790 de
398 4738 510 4790 conatu
540 4728 727 4808 possidendi,
757 4729 872 4808 aliquid
903 4730 941 4789 ad
965 4748 998 4788 se
1021 4727 1144 4789 trahere
1167 4728 1356 4811 (vindicare)
1380 4737 1449 4790 stu-

190 4832 274 4917 dere,
296 4849 446 4910 occupare
470 4831 606 4910 aggredi,
629 4830 688 4902 vel,
712 4837 747 4891 ut
770 4827 808 4891 G.
833 4830 931 4891 Curtii
953 4828 1056 4890 verbis
1080 4837 1161 4902 utar,
1184 4830 1360 4892 »adfectare
1376 4850 1448 4911 pro-
