3584 5632
343 603 381 658 22
627 602 828 672 Epilegomena
849 603 884 656 ad
906 603 938 657 Τ.
963 601 1035 656 Livii
1059 601 1162 656 librum
1184 604 1316 673 primum.

341 783 407 838 tere
427 773 517 848 iussi,
539 774 627 836 velut
648 773 788 837 defuncti
811 773 892 854 regis
913 773 1053 855 imperio,
1074 773 1106 835 iu
1129 774 1272 854 proxima
1294 771 1420 835 αάιιιιίο
1433 771 1607 856 (siccdd.),

341 877 361 937 i.
385 895 411 937 e.
434 893 494 956 quo
517 875 657 955 proximo
679 875 745 937 loco
768 875 799 936 in
822 894 971 955 praeseus
998 882 1091 938 natus
1114 893 1219 955 margo
1241 875 1328 955 ripae
1350 875 1447 936 fluctu
1470 874 1607 937 adlue-

342 977 457 1038 batur
489 974 748 1060 (attingebatur),
782 976 904 1037 alveum
928 983 1149 1056 exposuerunt.
1193 975 1348 1050 Fluitans‚
1370 975 1436 1036 sive
1457 975 1606 1037 fluctibus

341 1077 490 1151 iactatus,
518 1077 632 1138 dicitur
654 1077 772 1150 alveus,
795 1085 963 1157 antequam
988 1097 1056 1139 enm
1080 1076 1184 1138 tenuis
1205 1077 1236 1137 in
1260 1076 1342 1138 dcco
1365 1095 1447 1156 aqua
1469 1076 1606 1138 destitu-

341 1179 430 1240 isset.
473 1177 509 1238 Iu
538 1178 740 1258 profluentem
770 1179 866 1259 igitur
893 1178 958 1239 sive
987 1178 1175 1241 adfluentem
1198 1197 1323 1258 aquam,
1346 1184 1382 1239 ut
1402 1177 1479 1239 iussi
1503 1185 1604 1251 erant,

342 1279 481 1341 infantes
516 1278 723 1352 coniecerunt,
757 1299 816 1341 nou
843 1279 875 1340 in
899 1298 979 1353 eam,
1002 1298 1081 1361 quae
1103 1278 1279 1352 effluxerat,
1302 1298 1381 1359 quae
1403 1297 1498 1358 super
1519 1277 1605 1360 ripas

344 1381 442 1442 effusa
464 1387 496 1441 et
518 1387 640 1441 secreta
660 1379 722 1440 iam
746 1381 927 1459 stagnabat,
954 1380 1055 1460 qualis
1078 1389 1127 1442 est
1148 1377 1272 1453 cluvies,
1296 1387 1331 1440 ut
1353 1379 1391 1440 de
1413 1379 1550 1441 sordium
1572 1379 1605 1440 in

345 1480 458 1542 cloacis
490 1480 615 1542 defluxu
643 1479 725 1542 Plin.
755 1502 784 1542 n.
807 1479 838 1541 h.
860 1482 890 1553 2,
912 1479 964 1553 82,
986 1479 1028 1542 84
1049 1479 1168 1565 (terrae
1191 1481 1327 1542 motibus
1349 1481 1481 1563 oppida)
1504 1481 1606 1542 minue

344 1581 530 1663 quatiuntur
552 1581 666 1642 crebris
690 1581 729 1642 ad
752 1580 883 1643 eluviem
908 1581 1056 1644 cuniculis
1074 1590 1196 1642 cavata.
1228 1581 1347 1643 Narrat
1361 1581 1492 1644 Tacitus
1504 1579 1605 1664 (Anu.

347 1683 396 1756 13,
418 1675 475 1763 57)
499 1681 598 1744 eluvie
621 1683 715 1743 maris
738 1683 835 1744 salem
858 1683 1019 1762 provenire
1042 1690 1203 1744 arescente
1224 1684 1318 1744 unda.

429 1783 460 1856 4,
482 1777 503 1843 7
524 1782 624 1844 datos.
668 1781 869 1844 Potissimum
893 1783 1126 1863 significandum
1151 1792 1230 1857 erat,
1248 1781 1416 1846 Larentiae
1435 1783 1473 1843 ad
1491 1783 1607 1845 educa-

346 1883 461 1946 tionem
491 1903 603 1964 pueros
625 1883 774 1959 traditos3
798 1883 888 1946 datos
909 1903 982 1946 vero
1004 1885 1073 1946 ideo
1092 1885 1252 1958 selectum,
1276 1885 1357 1964 quod
1379 1883 1473 1946 simul
1496 1884 1536 1944 ad
1560 1884 1608 1945 lo-

347 2004 427 2058 cum,
449 1984 515 2046 sive
537 1984 693 2046 domicilia
715 1993 886 2064 pastorum,
909 2003 979 2065 quo,
1003 1987 1074 2046 dnm
1091 1985 1159 2064 ipse
1174 1985 1249 2047 foris
1268 2005 1375 2066 greges
1390 1985 1503 2064 pascit,
1521 1985 1609 2047 misit

347 2105 399 2148 eos
431 2085 613 2159 Faustulus,
646 2093 720 2164 apte
752 2087 928 2147 referretur.
973 2085 1032 2148 Est
1060 2087 1140 2148 enim
1170 2088 1244 2148 dare
1273 2105 1503 2166 nonnumquam
1528 2087 1608 2148 ferre

345 2186 395 2248 vel
428 2186 562 2260 mittere,
590 2193 626 2248 ut
652 2187 705 2259 22,
727 2181 758 2259 7,
780 2186 800 2247 5
821 2186 971 2247 Romanis
993 2187 1023 2248 in
1047 2187 1172 2248 vincula
1194 2186 1287 2261 datis,
1309 2181 1339 2260 7,
1361 2187 1392 2260 4,
1415 2187 1435 2248 4
1456 2186 1553 2248 tilium
1576 2187 1607 2249 in

347 2305 499 2350 carcerem
534 2287 630 2362 dedit,
660 2284 690 2360 9,
716 2287 764 2360 15,
786 2279 807 2347 7
835 2307 911 2367 quos
940 2287 1158 2350 custodiendos
1186 2287 1348 2350 Luceriam
1373 2289 1534 2362 dederant,
1556 2288 1608 2362 31,

346 2383 397 2462 37,
426 2386 446 2450 9
475 2407 624 2468 praeceps
654 2387 693 2448 ad
722 2395 836 2449 terram
866 2389 969 2462 datus,
999 2389 1027 2462 1,
1056 2389 1167 2462 25,11
1199 2388 1356 2450 Intaotum
1386 2389 1467 2450 ferro
1497 2407 1607 2468 corpus

346 2488 512 2551 Horatium
550 2490 681 2552 ferocem
711 2488 743 2549 in
766 2496 922 2550 certamen
945 2489 1071 2550 tertium
1096 2489 1204 2550 dabat.
1248 2488 1338 2559 Quod
1362 2489 1464 2552 minus
1486 2489 1609 2569 perspi-

348 2590 465 2652 cientes
496 2590 586 2652 multi
613 2597 669 2651 ant
698 2597 769 2668 post
797 2589 840 2651 od
861 2588 985 2651 stabulo
1007 2590 1055 2651 vel
1079 2589 1160 2652 lotoe
1181 2591 1230 2652 vel
1253 2588 1373 2652 delatos
1395 2597 1608 2670 apposuemnt

347 2689 414 2774 (ed.
437 2698 511 2752 ster.
534 2687 703 2773 Tauchn.),
722 2689 832 2751 deinde
855 2710 910 2752 suo
933 2691 999 2752 loeo
1013 2691 1104 2754 datos
1121 2691 1326 2765 retinuerunt,
1344 2699 1410 2766 ant,
1428 2692 1508 2771 qnod
1520 2691 1609 2771 peius

348 2791 488 2870 estmoe
509 2800 627 2853 remoto
649 2789 730 2853 lotoe
751 2791 982 2853 substituerunt
1004 2791 1154 2875 (Bekker,
1177 2792 1361 2872 Ingerslev).

431 2893 461 2966 4,
483 2890 504 2955 8
528 2913 702 2976 peragrare
730 2889 837 2953 uoltus.
883 2892 931 2954 of.
954 2893 1045 2954 Lucr.
1067 2895 1098 2965 2,
1121 2893 1182 2955 355
1206 2893 1252 2954 At
1274 2902 1384 2966 mater,
1407 2892 1522 2955 virides
1544 2893 1609 2954 sal-

347 3002 399 3055 tus
433 2993 545 3055 orbata
578 3012 747 3074 peragrans
776 2999 831 3054 ctt.
876 2993 1035 3054 Vaticana
1068 2995 1205 3056 codicum
1236 2994 1366 3068 familia,
1396 2993 1487 3057 Grut.
1510 2994 1608 3056 Drak.

350 3093 438 3157 Grer.
469 3094 522 3156 alii
550 3095 669 3156 habent
692 3115 868 3178 peragrare
890 3095 975 3156 cirea
997 3093 1105 3157 saltos.
1149 3095 1320 3175 Acceptius
1343 3103 1422 3168 erat,
1445 3096 1526 3176 quod
1550 3115 1608 3157 non

348 3195 487 3269 offertur,
509 3196 610 3257 saltus
633 3195 714 3257 circa
736 3213 911 3275 peragrare,
934 3204 969 3257 ut
992 3203 1040 3258 est
1061 3197 1113 3269 30,
1135 3195 1166 3270 9,
1188 3198 1208 3257 2
1229 3197 1321 3258 urbes
1339 3197 1431 3270 circa,
1451 3203 1610 3278 qnaectt,

349 3297 463 3376 partim
498 3297 528 3358 vi
562 3296 689 3376 subigit,
722 3294 773 3369 29,
795 3294 888 3369 29,2
918 3296 1022 3376 Scipio
1049 3317 1110 3359 non
1139 3316 1229 3377 agros
1252 3298 1342 3359 modo
1366 3297 1447 3361 cirum
1468 3295 1610 3359 vastarit

350 3398 440 3479 (udas
462 3397 656 3478 umliegende
678 3397 778 3477 platte
801 3397 920 3471 Laud»,
944 3398 1100 3482 Klaiber)‚
1122 3396 1153 3472 9,
1178 3398 1227 3471 15,
1252 3399 1266 3459 1
1292 3396 1608 3460 consilinmhabitum

351 3518 453 3560 ...an
477 3498 576 3560 altero
600 3497 737 3560 exercitu
759 3498 856 3577 Apuli
880 3499 971 3572 circa,
994 3519 1070 3578 gens
1093 3505 1160 3573 ott,
1183 3506 1422 3579 temptarentur.
1466 3499 1610 3561 Plerum-

351 3619 409 3680 que
440 3607 544 3662 tamen
568 3599 748 3661 adverbium
771 3599 847 3660 illud
871 3599 901 3660 vi
924 3599 1070 3661 adiectivi
1092 3600 1174 3662 inter
1197 3600 1383 3662 adiectivum
1408 3608 1440 3662 et
1462 3600 1610 3662 substan-

350 3699 449 3762 tivum
474 3700 604 3762 locatur.
648 3700 740 3762 Alius
763 3708 812 3760 est
834 3719 908 3762 usus
932 3700 1184 3781 praepositionis:
1207 3701 1258 3774 25,
1273 3699 1505 3782 9,2equitibus
1520 3719 1612 3780 prae-

352 3800 444 3880 cepit,
467 3809 503 3862 ut
525 3802 733 3863 discurrerent
755 3801 836 3862 circa
858 3801 937 3874 vias,
959 3801 1010 3876 35,
1035 3802 1084 3875 12,
1106 3801 1125 3862 5
1148 3802 1269 3883 legatos
1292 3802 1413 3864 censuit
1430 3802 1512 3864 circa
1524 3821 1612 3882 reges

353 3901 532 3976 mittendos,
554 3903 605 3975 21,
627 3901 679 3975 49,
701 3894 721 3962 7
744 3903 825 3963 circa
848 3901 992 3964 civitates
1016 3903 1100 3964 missi
1125 3902 1230 3983 legati,
1255 3905 1282 3976 1,
1304 3901 1335 3976 9,
1357 3903 1376 3963 2
1400 3903 1519 3984 legatos
1532 3903 1614 3964 circa

351 4001 470 4090 vicinus
492 4012 599 4084 gentes
622 4003 716 4066 misit.

437 4103 508 4180 5,5
542 4105 666 4188 aperire
698 4101 849 4176 autumat,
883 4104 951 4165 cdd.
984 4104 1171 4185 transalpini
1205 4112 1237 4165 et
1269 4105 1456 4166 recentiores
1488 4103 1610 4186 cognati

353 4205 496 4279 Medicei,
530 4204 604 4267 item
635 4205 704 4268 edd.
733 4204 978 4285 antiquissimae,
1008 4204 1101 4266 etiam
1126 4206 1208 4285 Mog.
1253 4206 1287 4266 In
1312 4225 1398 4285 spem
1422 4205 1487 4267 sive
1510 4204 1613 4284 suspi-

354 4305 470 4368 cionem
501 4315 630 4368 venerat
651 4306 822 4368 Faustulus
844 4306 959 4386 regiam
984 4307 1112 4385 stirpem
1136 4307 1218 4386 apud
1242 4325 1275 4368 se
1299 4306 1434 4380 educari,
1456 4307 1511 4367 sed
1534 4306 1612 4386 quod

353 4406 502 4487 sperabat
534 4408 584 4468 vel
617 4407 847 4488 suspicabatur,
881 4407 1113 4486 intempestive,
1145 4407 1204 4468 nisi
1234 4407 1404 4470 necessitas
1427 4407 1534 4488 aliqua
1555 4405 1613 4468 sibi

353 4508 572 4588 imponeretur,
606 4509 725 4589 aperire
759 4507 911 4580 noluerat,
940 4508 1042 4588 aperit
1069 4516 1174 4570 tamen
1196 4507 1328 4570 Romulo
1351 4508 1539 4570 necessitate
1562 4526 1614 4568 co-

355 4616 454 4683 actns,
484 4629 551 4671 cum
581 4617 744 4684 metueret,
773 4629 821 4682 ne,
851 4607 909 4670 nisi
932 4608 963 4670 id
986 4609 1122 4684 fecisset,
1144 4608 1289 4672 Numitor
1311 4609 1349 4670 de
1370 4609 1468 4671 Reum
1492 4607 1615 4689 captivo

355 4709 538 4790 supplicium
563 4719 710 4774 sumeret.
752 4710 862 4789 Inepte
886 4708 1040 4772 diceretur
1061 4717 1127 4772 tum
1151 4709 1294 4773 voluerat
1309 4719 1375 4771 tum
1394 4710 1536 4772 noluerat
1550 4727 1614 4771 rem

355 4828 422 4890 per
454 4811 693 4874 occasionem
729 4810 888 4895 aperiri,
922 4829 1022 4891 neque
1048 4829 1121 4873 vero
1149 4811 1190 4873 ab
1220 4810 1289 4874 aliis
1312 4809 1446 4895 suspicio
1468 4809 1615 4877 Faustuli
