3584 5632
367 631 406 687 54
651 629 850 700 Epilegomeua
872 629 909 684 ad
931 627 962 682 T.
987 627 1060 682 Livii
1082 627 1184 684 librum
1207 629 1338 700 primum.

365 801 449 864 vium
477 799 523 887 (8,
546 799 639 874 309
662 801 766 875 8123,
788 802 818 876 3,
843 801 907 883 10),
937 820 956 862 a
984 817 1044 882 quo
1076 799 1232 863 interdum
1266 801 1361 864 etiam
1391 802 1422 864 iu
1450 802 1641 876 seutentiim

365 921 444 986 quaa
468 923 528 966 uou
551 910 624 964 suut
647 901 1007 984 negativaaquisquam
1031 900 1062 962 vi
1083 901 1262 965 restrictiva
1284 910 1463 982 usurpatur,
1484 904 1575 966 velut
1601 907 1641 976 3,

364 1003 415 1079 38,
437 1002 466 1067 9.
490 1004 541 1079 25,
563 1001 594 1078 6,
618 997 667 1066 17.
710 1004 776 1067 Nec
810 1004 961 1066 mutanda
994 1009 1042 1066 est
1071 1003 1227 1083 scriptura
1256 1005 1393 1066 codicum
1416 1005 1515 1086 »quod
1539 1006 1640 1086 quis-

364 1124 456 1187 quam
479 1105 633 1186 indignari
656 1105 800 1168 mirarive
818 1113 940 1188 poseat»
961 1103 1124 1166 intellecta
1145 1102 1311 1185 hypothesi
1334 1105 1359 1166 si
1375 1105 1493 1186 primus
1506 1126 1616 1170 casam
1627 1127 1639 1181 ;

365 1208 403 1269 cf.
427 1226 506 1288 quae
529 1205 710 1286 supradixi
734 1206 773 1268 ad
796 1206 900 1268 Praei.
923 1205 943 1267 5
965 1203 1131 1268 sollicitum
1154 1211 1259 1267 tamur
1284 1207 1405 1270 allicere
1427 1217 1542 1288 posset.

447 1305 541 1382 36‚4
569 1307 702 1391 cupario
728 1307 790 1370 iam
820 1307 898 1369 Tan.
927 1306 1030 1368 Faber
1056 1304 1255 1368 intellexerat
1284 1307 1446 1388 legendnm
1476 1327 1544 1371 esse
1568 1308 1635 1394 (cf.

364 1409 492 1489 augurio
515 1417 585 1472 acto
609 1408 672 1472 Gic.
694 1408 766 1471 Div.
792 1410 820 1482 l,
845 1401 893 1481 17,
916 1406 973 1492 32)
994 1425 1050 1486 pro
1071 1425 1118 1479 eo,
1135 1407 1215 1487 quod
1235 1415 1284 1470 est
1297 1407 1329 1470 iu
1346 1409 1427 1484 cdd,
1442 1409 1477 1470 iu
1490 1412 1636 1494 cupario

364 1511 414 1572 vel
436 1509 606 1594 inoupurio
628 1509 723 1595 (quae
747 1509 885 1572 conlusio
908 1509 1002 1570 solita
1025 1509 1064 1571 ad
1087 1526 1199 1570 novum
1223 1527 1348 1589 prorsus
1370 1529 1482 1573 nomeu
1500 1512 1636 1594 lingen-

365 1613 439 1673 dum
467 1612 590 1674 suffecit
614 1611 769 1694 Duiatio),
793 1617 901 1689 aperto
925 1629 1025 1671 errore
1048 1615 1149 1670 ortum
1174 1617 1301 1689 propter
1323 1629 1370 1684 aa,
1393 1631 1472 1692 quea
1496 1631 1636 1692 praeoe-

365 1705 453 1788 duui,
486 1711 639 1794 inaugura
667 1720 699 1775 et
724 1711 926 1792 inaugurat03
949 1729 1048 1791 neque
1072 1729 1106 1771 eo
1129 1709 1231 1772 minus
1253 1710 1346 1774 istam
1370 1731 1476 1774 vocem
1500 1733 1520 1776 a
1542 1713 1632 1777 Gro-

367 1812 457 1878 novio
479 1815 574 1876 semol
595 1814 774 1894 probatam,
796 1811 937 1893 quamvis
960 1811 1122 1872 molestam
1146 1810 1330 1886 invenerint,
1352 1812 1490 1876 tolerant
1512 1815 1633 1878 etiam-

367 1934 448 1976 uuuc
470 1915 560 1977 multi
581 1915 778 1995 interpreteS,
801 1915 841 1974 ad
865 1931 957 1994 quam
980 1911 1195 1992 explicandam
1219 1913 1338 1974 frustra
1360 1913 1466 1996 utique
1483 1915 1515 1977 in
1534 1917 1632 1979 auxi-

366 2015 441 2077 lium
474 2023 589 2078 vocant
621 2017 714 2089 locos,
748 2013 800 2095 qui
829 2033 897 2076 cum
925 2013 983 2075 boc
1006 2012 1130 2075 minime
1153 2014 1330 2076 conferendi
1352 2023 1437 2090 suut,
1459 2015 1511 2092 24,
1532 2017 1563 2092 8,
1591 2020 1631 2080 13

367 2114 576 2191 mbffib

449 2216 500 2292 36,
528 2211 549 2278 'l
581 2217 666 2280 mille
698 2226 727 2280 ct
759 2215 927 2300 octingenti
958 2213 1040 2276 idem
1069 2223 1118 2277 est
1146 2233 1302 2290 uumerus,
1332 2217 1394 2298 qui,
1416 2219 1442 2280 si
1466 2220 1630 2301 antiquam

366 2319 553 2400 scripturam
575 2319 789 2400 intelligimus,
811 2317 849 2379 de
872 2318 979 2380 eadem
1003 2335 1036 2378 re
1057 2315 1215 2379 invenitur
1237 2317 1301 2380 (iio.
1324 2319 1402 2400 Rep.
1425 2321 1456 2394 2,
1475 2321 1516 2382 20
1531 2340 1562 2401 p.
1576 2320 1630 2394 38,

366 2420 418 2482 ubi
453 2439 491 2482 cx
520 2420 724 2502 palimpsesto
753 2432 818 2470 w·
840 2421 947 2481 nucu·
977 2417 1074 2478 refert
1095 2416 1237 2499 Angelus
1259 2418 1373 2494 Maius,
1397 2421 1477 2502 quod
1499 2421 1532 2483 in
1555 2441 1632 2484 cou-

366 2528 457 2584 textu
480 2521 614 2606 (Romae
640 2519 737 2604 1846)
760 2521 861 2584 minus
879 2518 1011 2581 feliciter
1028 2517 1175 2597 exprimit
1192 2531 1257 2570 00⁰·
1277 2537 1327 2586 aa
1344 2525 1403 2595 00,
1421 2522 1485 2584 »118
1497 2530 1533 2584 ut
1546 2523 1632 2603 prior

367 2624 388 2683 0
418 2622 460 2684 sit
488 2622 605 2697 littera,
632 2622 771 2704 reliquae
798 2623 862 2684 siut
884 2628 977 2682 notae
1000 2619 1203 2694 numerales»,
1226 2622 1396 2704 laudatque
1419 2623 1628 2686 coniecturam

367 2722 517 2787 Glareaui
550 2732 582 2786 et
614 2723 772 2797 Salmasii‚
806 2721 857 2805 qui
879 2721 937 2783 boc
959 2719 1041 2782 Livii
1063 2720 1129 2783 loco
1151 2726 1227 2784 1100
1252 2723 1414 2804 legendum
1439 2723 1629 2787 docuissent.

367 2825 404 2886 Id
432 2826 576 2888 mendum
605 2825 690 2887 haud
716 2843 820 2886 rarum
848 2829 906 2896 est,
929 2841 999 2904 quo,
1021 2820 1074 2882 ubi
1097 2823 1185 2886 varia
1207 2825 1307 2886 forma
1330 2825 1505 2888 litterarum
1528 2825 1628 2906 scrip-

366 2933 432 2988 tum
455 2925 561 2988 fuerat
581 2928 679 2988 11000
702 2925 752 2987 vel
775 2923 885 2997 simile,
907 2923 938 2986 id
957 2922 988 2984 in
1008 2939 1058 2988 ac
1076 2926 1121 2984 00
1142 2930 1369 2988 mutatnmest.
1403 2925 1506 3006 Saepe
1522 2933 1626 2990 autem

367 3025 485 3089 numeri
519 3027 711 3108 quingenarii
744 3016 829 3100 nota,
863 3043 942 3106 quae
975 3024 1110 3086 librariis
1139 3034 1207 3087 crat
1234 3025 1402 3108 incognita,
1430 3027 1547 3090 omissa
1570 3034 1628 3101 est,

368 3127 454 3190 cuins
487 3128 532 3190 rei
562 3148 655 3191 uuum
685 3146 723 3189 ex
752 3127 820 3189 cdd.
844 3125 983 3187 Livianis
1006 3126 1132 3188 afferam
1157 3128 1343 3208 exemplum,
1366 3127 1417 3203 26,
1439 3128 1490 3203 38,
1515 3130 1551 3190 11
1577 3129 1630 3192 ubi

367 3229 411 3291 sio
434 3235 483 3290 est
504 3229 534 3292 iu
559 3229 624 3292 cod.
647 3229 737 3291 Pet:
760 3226 919 3290 Blattius:
934 3274 940 3286 .
955 3226 1107 3306 pervicit
1129 3234 1165 3288 ut
1187 3229 1376 3309 praesidium
1400 3230 1546 3310 punicum
1570 3249 1629 3292 au·

367 3337 431 3392 tem
464 3330 609 3394 numidae
643 3337 733 3392 eraut
765 3327 967 3410 salapiaqnae
996 3328 1173 3390 traderetur
1196 3331 1351 3392 marcello.
1396 3330 1443 3392 At
1463 3331 1494 3392 iu
1518 3351 1630 3394 narra-

367 3431 452 3494 tione
480 3431 599 3494 Valerii
630 3430 761 3493 Maximi
788 3431 818 3504 3,
840 3430 860 3492 8
883 3437 945 3490 ext
970 3430 998 3502 l,
1027 3429 1080 3491 ubi
1104 3437 1208 3492 cetera
1230 3450 1250 3492 a
1272 3431 1361 3494 Livio
1384 3439 1547 3495 mutuatus
1570 3441 1629 3506 est,

367 3533 445 3594 haec
477 3539 551 3594 sunt
583 3534 621 3595 de
654 3531 789 3594 Blattio:
822 3529 970 3593 Marcello
1005 3529 1167 3610 Salapiam
1196 3538 1229 3592 et
1257 3532 1441 3613 quingentos
1464 3533 1628 3608 Numidas,

368 3633 473 3714 quiin
497 3653 534 3696 ea
556 3633 716 3696 custodiae
739 3651 834 3695 causa
856 3639 955 3704 eraut,
978 3630 1119 3693 tradidit.
1159 3633 1271 3713 Itaque
1293 3642 1376 3696 recte
1399 3634 1461 3696 iarn
1484 3633 1630 3714 Sigonius

368 3735 488 3796 monuit
510 3736 593 3815 apud
615 3735 738 3796 Livium
762 3733 926 3814 legendnm
949 3751 1032 3794 esse:
1056 3732 1216 3814 quingenti
1239 3743 1342 3796 antem
1359 3736 1515 3797 Numidae
1529 3743 1628 3796 eraut.

369 3835 403 3898 Si
431 3835 513 3898 idern
542 3856 576 3899 eo
605 3836 681 3909 loco,
704 3836 742 3897 de
765 3855 824 3918 qno
848 3833 1034 3914 quaerimus,
1058 3834 1207 3896 accidisse
1230 3835 1260 3896 in
1285 3837 1353 3897 odd.
1376 3836 1466 3917 longe
1489 3836 1630 3916 plurimis

368 3935 529 4011 statuitur,
551 3938 581 3998 in
606 3955 732 3999 numero
756 3955 861 3998 omues
884 3934 1091 3996 consentiunt.
1125 3935 1231 4016 Atque
1250 3938 1276 3998 is
1291 3957 1436 3999 uumerus
1449 3941 1628 4000 -110000

368 4037 494 4117 iuquam
518 4038 626 4099 -ita
654 4037 825 4118 probabilis
853 4036 922 4108 erit,
950 4036 976 4097 si
1006 4035 1158 4097 oredimus
1180 4036 1304 4100 Livium
1327 4038 1377 4100 hic
1402 4038 1496 4100 alium
1520 4046 1629 4100 auoto-

369 4157 444 4210 rem‚
467 4157 558 4218 quam
583 4159 607 4201 c.
635 4141 680 4210 13,
703 4137 724 4199 8
747 4145 778 4200 81
801 4139 852 4212 30,
875 4137 904 4211 3,
928 4144 1067 4198 secutum
1097 4157 1175 4211 esse,
1205 4159 1241 4200 ac
1270 4139 1509 4213 meminerimus,
1533 4159 1629 4220 quae-

372 4258 501 4319 cumque
529 4240 567 4301 de
596 4241 738 4321 equitatu
766 4239 953 4319 procedente
975 4246 1115 4316 tempore
1138 4247 1229 4301 aucto
1254 4248 1427 4313 narrentur,
1450 4241 1496 4301 ita
1518 4240 1549 4301 iu
1573 4259 1630 4300 an-

369 4347 522 4402 tecessum
555 4341 727 4420 composita
756 4359 833 4414 esse,
863 4344 898 4400 ut
920 4341 960 4400 ad
983 4339 1153 4401 octodecim
1176 4341 1248 4403 illas
1271 4342 1428 4403 centurias
1451 4342 1588 4422 equiturn
1612 4362 1632 4404 a

371 4441 479 4504 Servio
508 4442 610 4504 Tullio
638 4441 802 4504 institutas
831 4448 1020 4523 spectarent.
1065 4441 1140 4502 Vid.
1169 4441 1344 4523 Schweglar
1366 4443 1455 4504 Rom.
1479 4442 1632 4505 Gesobl

369 4562 400 4623 p.
422 4541 493 4605 680.

454 4641 505 4717 39,
528 4645 542 4707 1
574 4645 643 4707 oisc
666 4653 791 4726 praeter
813 4651 917 4706 catera
939 4642 1080 4706 mirabile
1102 4644 1134 4706 id
1156 4645 1330 4726 prodigium
1353 4645 1383 4706 in
1407 4645 1455 4716 iis,
1479 4664 1559 4726 quae
1581 4663 1632 4706 se-

372 4752 518 4825 quuntur,
540 4744 739 4809 describitur:
764 4745 963 4826 quamobrem
985 4744 1043 4806 hoc
1066 4745 1105 4806 ab
1127 4745 1216 4808 initio
1236 4753 1309 4826 apte
1324 4745 1531 4809 indicabatur.
1566 4745 1633 4808 Hoc

372 4845 452 4907 enim
487 4845 615 4910 dicitur:
648 4847 694 4910 Eo
723 4866 803 4910 auno
832 4846 864 4907 in
892 4845 978 4926 regia
1005 4845 1178 4928 prodigium
1202 4847 1272 4922 fuit,
1294 4847 1376 4910 sicet
1400 4848 1448 4921 10,
1471 4848 1522 4921 23,
1548 4848 1562 4908 1
1587 4847 1632 4912 Eo
