3574 5632
462 647 662 720 Epilegomena
684 649 720 704 ad
743 649 774 704 Τ.
799 649 871 706 Livii
892 651 994 706 librum
1017 651 1146 722 primum.
1401 652 1439 706 ’15

180 819 359 883 Lucretiam
389 820 610 903 dedecorisque
639 821 762 883 demum
787 828 904 884 terrore
930 821 1070 884 adhibito
1093 821 1208 884 victam
1233 843 1300 885 esse
1322 823 1444 903 pudici-

179 921 256 984 tiam
291 919 366 984 eius.
410 923 527 984 Famae
560 928 647 984 metu
675 921 896 1003 dedecorisque
924 922 1015 985 minis
1043 923 1129 985 victa
1151 931 1209 998 est,
1233 944 1312 1005 quae
1335 925 1443 986 mortis

182 1021 278 1085 metui
311 1043 370 1084 non
405 1023 621 1088 succubuisset
648 1021 723 1107 (Ov.
750 1025 839 1085 Fast.
866 1025 896 1097 2,
918 1021 1005 1106 808).
1049 1024 1157 1105 Usque
1180 1045 1215 1086 eo
1239 1045 1298 1087 non
1321 1024 1352 1086 vi
1375 1045 1443 1086 cor-

181 1123 265 1205 poris
287 1123 372 1186 victa
394 1131 452 1186 est.
485 1123 609 1186 Relicta
630 1125 689 1186 hoc
712 1126 777 1187 loco
801 1123 938 1186 codicum
962 1124 1118 1205 scriptura
1140 1125 1193 1187 alii
1217 1126 1309 1188 aliter
1330 1126 1361 1186 in
1385 1126 1443 1186 ah-

182 1225 310 1288 surdum
332 1225 459 1288 deducti
480 1233 563 1288 sunt.

265 1323 316 1399 59,
341 1326 355 1387 1
381 1325 514 1410 denique
537 1325 667 1388 coniecit
688 1327 817 1406 Madvig
840 1325 916 1409 (quo
940 1326 1118 1406 siugulatim
1143 1327 1327 1409 quibusdam
1344 1328 1444 1390 uomi-

182 1426 265 1489 uatis
288 1433 443 1508 postremo
467 1427 570 1489 omnia
592 1447 647 1489 uos
671 1426 930 1508 comprehendere
953 1426 1206 1512 significaretur),
1226 1429 1347 1508 accepit
1364 1429 1404 1490 H.
1419 1431 1444 1490 1.

181 1527 323 1601 Mueller,
357 1527 408 1609 qui
442 1528 589 1590 collatum
619 1527 687 1590 vult
709 1529 760 1603 30,
785 1528 833 1601 14,
856 1526 885 1601 9,
909 1526 972 1602 ubi,
995 1536 1161 1609 postquam
1185 1549 1239 1591 sex
1263 1537 1446 1592 enumerata

182 1636 265 1703 suut,
289 1629 328 1690 ad
351 1629 518 1709 septimum
541 1628 645 1691 omnia
668 1629 930 1708 comprehendens
954 1629 1081 1691 additur
1093 1630 1234 1714 denique.
1262 1629 1365 1710 Magis
1382 1632 1447 1692 for-

182 1738 267 1792 tasse
291 1729 493 1792 conferendus
537 1737 585 1791 est
618 1730 703 1791 locus
732 1728 813 1802 huic,
842 1729 893 1810 qui
917 1730 1017 1802 adest,
1040 1731 1135 1810 plane
1158 1730 1278 1805 similis,
1300 1732 1329 1805 2,
1355 1732 1403 1804 lo,
1425 1732 1446 1793 4

182 1837 325 1911 »pontem
349 1830 439 1903 ferro,
461 1829 534 1912 igni,
559 1850 751 1912 quacumque
774 1831 805 1891 vi
828 1830 958 1909 possint,
980 1829 1239 1911 interrumpent»,
1258 1832 1311 1894 ubi
1325 1832 1445 1894 duobus

182 1931 361 2012 siugulatim
395 1931 561 1993 nominatis
584 1932 624 1993 ad
646 1931 771 1993 tertium
797 1951 857 1993 nou
881 1931 1006 1993 additur
1028 1932 1170 2013 denique.
1214 1932 1359 1995 Forsitan
1383 1953 1443 1994 non

182 2031 360 2094 inveniatur
393 2031 467 2094 alibi
501 2033 583 2111 apud
617 2031 751 2106 Livium,
785 2032 865 2114 quod
896 2031 946 2093 hic
968 2032 999 2093 in
1023 2033 1091 2094 cdd.
1115 2040 1172 2106 est,
1195 2032 1306 2096 dehinc
1328 2033 1388 2095 nisi
1410 2042 1446 2095 ut

181 2132 307 2196 varians
336 2131 427 2194 lectio
456 2132 502 2212 (1,
525 2132 554 2207 5,
580 2131 624 2216 l),
653 2134 706 2194 sed
731 2132 844 2213 legitur
866 2133 927 2194 iam
951 2134 1035 2213 apud
1058 2133 1244 2196 Sallustium
1268 2135 1338 2198 (lat.
1361 2135 1391 2209 3,
1414 2137 1444 2208 2,

182 2235 248 2314 Ing.
282 2233 334 2308 85,
367 2233 379 2294 l
405 2232 474 2318 (uhi
497 2233 550 2294 alii
573 2233 669 2315 dein).
713 2233 894 2314 Respondet
928 2233 1051 2314 quidem
1085 2233 1201 2314 optime
1235 2236 1275 2296 ad
1303 2235 1336 2296 id
1365 2237 1443 2316 quod

183 2335 277 2415 paulo
310 2341 382 2416 post
414 2335 569 2416 sequitur:
602 2335 734 2397 Brutum
768 2335 839 2396 iam
872 2334 963 2396 inde
992 2335 1031 2396 ad
1056 2336 1295 2416 expugnandum
1319 2355 1444 2418 reguum

182 2442 346 2498 vocantem
379 2443 552 2517 sequuntur
578 2436 696 2497 ducem.
740 2435 879 2497 Maxime
902 2454 974 2497 vero
997 2435 1036 2496 ob
1060 2455 1128 2497 eam
1152 2455 1277 2498 causam
1302 2437 1446 2516 displicet

184 2536 353 2618 Madvigio,
388 2537 468 2618 quod
500 2535 665 2615 primariae
693 2535 753 2616 ipsi
776 2534 950 2598 sententiae
974 2535 1129 2599 adiectum
1151 2537 1229 2598 velit-
1252 2544 1283 2599 et
1305 2537 1445 2618 proximo

184 2637 280 2699 loturi
303 2637 452 2717 temporis
474 2637 569 2699 verbo
592 2631 718 2722 (dehinc
741 2635 984 2718 exsecuturum),
1008 2645 1042 2698 at
1056 2637 1114 2698 hoc
1131 2637 1339 2720 subsequente
1356 2639 1446 2701 facile

182 2736 368 2818 intelligitur
399 2758 610 2822 »quacumque
643 2737 754 2800 dehinc
788 2739 951 2819 exsequi
982 2738 1013 2798 vi
1041 2738 1184 2819 possim».
1229 2739 1373 2802 Ceterum
1398 2748 1447 2801 est

183 2839 215 2902 in
238 2839 377 2901 oratioue
401 2838 608 2902 commotiore.
651 2840 763 2920 Itaque
786 2838 872 2900 nulla
894 2839 1006 2900 idonea
1029 2858 1124 2900 causa
1147 2858 1214 2901 esse
1237 2840 1369 2914 videtur,
1394 2859 1447 2901 cur

185 2940 224 3002 ah
248 2940 389 3002 omnihus
413 2940 481 3002 cdd.
505 2948 599 3021 atque
623 2941 692 3002 edd.
716 2947 789 3002 aute
812 2940 918 3001 Madv.
942 2939 1146 3002 discedamus.

268 3041 315 3102 Ih.
338 3051 521 3104 coacturum
542 3041 685 3103 Rhenani
709 3039 886 3103 coniectura
908 3060 976 3102 esse
999 3042 1107 3114 fertur,
1129 3041 1184 3102 sed
1207 3040 1268 3104 iam
1289 3049 1362 3104 ante
1378 3061 1446 3104 eum

185 3141 275 3204 video
297 3141 328 3202 iu
352 3143 421 3205 edd.
444 3143 526 3223 Mog.
551 3150 580 3204 et
604 3141 678 3204 Soh.
701 3141 737 3203 Id
760 3147 865 3203 tamen
890 3141 1071 3204 nominatim
1095 3143 1192 3204 refert
1212 3142 1393 3217 Rhenanus,
1414 3143 1446 3205 iu

187 3244 250 3305 cod.
281 3243 388 3304 Vorm.
417 3243 469 3326 (ιιι
490 3243 522 3304 iu
546 3239 672 3326 ceteris)
697 3262 764 3304 esse
794 3253 1019 3314 assecuturum,
1043 3243 1241 3324 quamobrem
1264 3245 1323 3307 hoc
1344 3252 1450 3306 reten-

184 3351 250 3406 tum
282 3351 331 3406 est
353 3363 373 3405 a
394 3343 560 3426 plerisque,
582 3343 656 3405 licet
677 3343 819 3423 inprimis
842 3343 938 3406 Gron.
962 3351 994 3406 et
1015 3343 1114 3405 Drak.
1138 3344 1364 3418 admonuerint,
1388 3343 1448 3406 dici

186 3443 308 3528 quidem
333 3445 459 3527 exsequi
482 3466 537 3528 pro
559 3445 713 3525 persequi,
736 3443 852 3518 ulcisci,
875 3444 929 3506 sed
952 3451 1009 3506 aut
1031 3444 1096 3505 sine
1120 3463 1194 3506 casu
1211 3453 1268 3507 aut
1287 3465 1354 3508 cum
1374 3465 1448 3507 casu

184 3545 239 3620 rei,
270 3546 357 3609 velut
384 3545 503 3609 violata
530 3546 600 3610 iura
621 3544 668 3630 (3,
690 3545 741 3618 25,
763 3545 810 3628 8),
831 3565 896 3607 rem
920 3552 1055 3608 atrocem
1079 3546 1125 3626 (3,
1150 3546 1199 3621 13,
1221 3549 1268 3630 3),
1291 3547 1447 3626 publicum

186 3645 404 3728 privatumque
427 3649 563 3711 dolorem
586 3645 632 3732 (5,
658 3647 706 3719 11,
729 3646 780 3726 5);
803 3647 857 3708 sed
873 3646 986 3728 requiri
1002 3645 1189 3727 exemplum,
1202 3649 1256 3710 uhi
1269 3647 1342 3710 huic
1354 3646 1448 3709 verbo

187 3748 293 3809 eodem
317 3768 410 3811 seusu
433 3748 630 3811 accusativus
653 3767 804 3828 personae
827 3747 1004 3809 adderetur.
1038 3747 1156 3809 Verum
1179 3749 1206 3811 si
1224 3749 1303 3811 alias
1321 3768 1449 3829 respex-

185 3848 299 3910 erimus
329 3849 416 3912 verbi
439 3850 690 3930 significationes,
713 3849 852 3928 profecto
876 3868 935 3910 non
959 3851 1090 3910 deerunt
1112 3851 1256 3931 exempla
1279 3848 1449 3912 accusativi

186 3969 345 4030 personae.
390 3949 533 4035 Eeseque'
560 3951 640 4013 enim
669 3949 792 4031 proprie
816 3958 848 4011 et
870 3969 924 4029 per
947 3969 979 4011 se
1003 3949 1080 4010 nihil
1103 3947 1188 4012 aliud
1211 3959 1260 4014 est
1282 3951 1340 4013 nisi
1363 3950 1451 4035 sequi

184 4049 318 4132 aliquem
342 4072 379 4114 ea
402 4051 504 4133 aliquo
527 4051 604 4125 loco,
626 4052 676 4113 vel
699 4051 833 4132 aliquem
857 4051 896 4112 ad
920 4051 1011 4112 finem
1031 4049 1128 4130 sequi,
1145 4051 1253 4133 itaque
1274 4052 1368 4115 etiam
1388 4071 1450 4125 eos,

184 4151 236 4233 qui
260 4172 275 4214 e
300 4159 390 4215 coetu
418 4153 587 4215 viventium
615 4151 803 4237 evehuntur,
835 4151 986 4225 comitari,
1011 4159 1046 4212 ιιι
1068 4151 1271 4233 Euripideum
1294 4153 1372 4215 illud
1395 4147 1451 4214 τὸν
1500 4161 1504 4169 ’

184 4251 336 4317 θανόντα
365 4259 419 4316 καὶ
448 4253 558 4317 πόνων
589 4253 796 4333 πεπαυμένον
824 4251 997 4333 ἐκπέμπειν
1020 4251 1128 4348 dripere
1149 4253 1194 4316 sic
1221 4254 1328 4317 Cicero
1350 4254 1450 4316 inter-

184 4363 328 4437 pretatur
350 4355 459 4441 (Tusc.
485 4353 607 4442 1,48):
630 4355 682 4438 qni
705 4356 827 4417 labores
850 4363 948 4417 morte
972 4355 1093 4417 finisset
1116 4373 1236 4435 graves,
1259 4355 1343 4418 hunc
1359 4375 1450 4416 exse-

184 4457 245 4540 qui.
282 4457 342 4519 Est
365 4457 488 4540 quidem
512 4457 635 4520 omnino
658 4456 786 4538 exsequi
809 4477 906 4538 usque
929 4457 969 4518 ad
993 4457 1148 4537 quendam
1174 4455 1267 4518 finem
1290 4455 1376 4538 sequi
1400 4456 1449 4518 vel

185 4559 332 4639 perferre,
356 4566 391 4621 ut
414 4559 477 4622 cic.
500 4558 581 4621 Phil.
604 4560 635 4632 2,
658 4559 699 4619 22
723 4577 761 4619 ex
783 4557 879 4619 Italia
901 4557 1046 4638 expulsos
1065 4577 1171 4619 omnes
1190 4558 1379 4630 consulares,
1400 4556 1451 4638 qui

184 4678 240 4740 per
272 4659 482 4722 valetudinem
518 4659 644 4741 exsequi
673 4657 792 4721 cladem
824 4658 910 4720 illam
933 4660 1100 4739 fugamque
1123 4659 1310 4739 potuissent,
1333 4657 1450 4722 catull.

184 4758 236 4834 63,
260 4759 299 4822 15
327 4757 454 4824 Sectam
485 4781 584 4824 meam
609 4768 774 4822 exsecutae
798 4759 875 4823 duce
894 4779 942 4822 me
965 4758 1040 4821 mihi
1063 4759 1193 4822 comites
1214 4759 1371 4841 Rapidum
1396 4779 1444 4821 ra·

183 4860 246 4924 lum
279 4860 397 4925 tulistis
424 4861 664 4946 truculentaque
693 4859 806 4944 pelagi,
829 4862 894 4937 sed,
917 4869 953 4924 ut
974 4859 1157 4942 ἐκπέμπειν,
1183 4861 1227 4924 sic
1250 4859 1380 4946 exsequi
1403 4861 1453 4926 fa-
