3584 5632
463 643 664 717 upilsgomsna
684 643 721 699 ad
743 639 777 700 Τ.
799 641 871 700 bivii
893 643 996 699 librum
1017 643 1149 714 primum.
1396 643 1435 700 41

144 816 191 879 in
234 817 317 899 alqd
346 815 394 902 (in
417 814 542 878 minime
564 820 688 897 gratum
710 811 956 902 spectaculum);
978 835 1077 897 neque
1098 816 1157 878 boc
1178 816 1244 880 loco
1267 816 1305 879 de
1328 815 1440 880 animis

143 917 315 981 incensis
338 923 371 980 et
391 915 597 998 flagrantibus
620 915 732 997 agitur.
766 915 995 998 Vulgatissima
1016 936 1089 982 vero
1110 917 1223 982 locutio
1242 923 1290 980 111
1302 915 1439 980 animum

145 1019 342 1082 intendere
364 1018 397 1080 in
418 1017 468 1080 vel
491 1018 532 1080 ad
554 1017 638 1097 alqd,
660 1017 751 1097 idque
773 1017 875 1097 ipsum
898 1017 949 1080 hic
971 1017 1098 1082 dicitur:
1120 1019 1298 1100 deligebant
1320 1016 1440 1081 animos

152 1127 197 1182 et
232 1119 448 1183 intendebant
475 1117 506 1179 in
533 1117 610 1180 illud
638 1117 862 1198 spectaculum,
888 1119 920 1181 in
943 1127 1087 1182 eventum
1111 1139 1233 1201 pugnae
1256 1117 1440 1182 1111111111-

151 1222 262 1284 tenti
295 1222 434 1284 stabant.
478 1219 586 1300 Neque
619 1226 724 1280 tamen
759 1219 885 1282 animo
917 1219 1037 1282 intendi
1070 1221 1169 1302 magis
1197 1239 1290 1302 quam
1317 1219 1440 1284 incendi

153 1322 343 1404 probabile
366 1329 430 1398 111;
453 1327 484 1382 11
506 1319 710 1383 intenduntur
732 1339 786 1401 pro
808 1320 977 1383 intendunt
998 1341 1096 1402 aeque
1119 1320 1210 1384 facilc
1228 1320 1441 1402 scriptumest

157 1443 212 1486 ac
249 1424 278 1498 l,
302 1419 353 1497 19,
373 1421 395 1484 4
421 1421 453 1483 in
481 1419 587 1482 multis
616 1420 684 1483 cdd.
708 1427 740 1482 11
762 1421 832 1484 edd.
854 1421 1085 1484 luxuriarentur
1105 1442 1161 1503 pro
1183 1421 1388 1498 luxuriarent,
1413 1423 1441 1496 1,

158 1523 233 1600 52,
255 1525 278 1587 4
304 1523 492 1587 videbantur
517 1539 573 1602 pro
600 1520 759 1585 videbant.
803 1521 877 1585 Vid.
906 1522 1027 1586 Livian.
1057 1523 1126 1585 libr.
1155 1524 1338 1586 emendand.
1361 1522 1442 1585 ratio

160 1645 206 1706 p.
235 1625 287 1688 34.
330 1623 466 1687 Exstitit
497 1623 592 1705 igitur
625 1623 744 1685 animos
771 1623 976 1687 intenduntur
1003 1623 1078 1709 (aut
1105 1622 1339 1710 incenduntur),
1361 1625 1442 1706 quod

164 1726 257 1809 quia
279 1725 380 1788 minus
403 1725 590 1806 quadrabat,
611 1743 626 1786 1
649 1723 785 1787 deletum
808 1733 844 1787 ut
867 1724 969 1788 animo
990 1726 1088 1788 111111

269 1827 319 1902 25,
342 1825 362 1889 6
389 1825 547 1888 1111111111
572 1825 638 1888 1111
665 1825 770 1900 unias,
799 1825 966 1904 exterritas
988 1833 1021 1888 et
1043 1833 1260 1890 consternatas
1282 1833 1365 1889 sorte
1387 1825 1444 1888 illa

167 1928 389 2001 incommoda,
416 1926 448 1992 in
477 1933 626 2009 quatum
649 1919 750 2007 ipsum
774 1933 843 1989 erat
865 1927 892 1988 is
914 1927 1003 1990 miles
1026 1947 1142 2002 eorum,
1164 1927 1217 2008 qui
1239 1947 1318 1990 unus
1340 1934 1443 1989 resta-

169 2031 250 2092 bat.
295 2027 441 2092 Condicio
473 2027 568 2102 illius,
601 2047 680 2108 quac
708 2028 789 2090 forte
815 2027 846 2090 in
875 2028 1032 2109 praesenti
1054 2029 1086 2090 in
1109 2028 1197 2109 peius
1219 2034 1344 2091 mutata
1365 2035 1444 2102 erat,

174 2149 281 2194 cansa
302 2129 362 2193 fuit
385 2148 475 2192 curae
499 2135 531 2190 ct
552 2127 686 2208 angoris,
710 2128 821 2210 quibus
844 2128 964 2210 impleti
988 2137 1078 2192 erant
1100 2128 1194 2192 animi
1209 2149 1323 2192 eorum.
1356 2130 1444 2192 Exa-

175 2232 284 2294 nimes
306 2238 379 2293 sunt
401 2229 529 2293 attoniti
551 2229 695 2311 omnique
716 2249 772 2310 spe
795 2230 949 2305 destituti,
972 2230 1087 2294 nullius
1109 2230 1171 2294 iam
1195 2229 1400 2294 contentionis
1414 2237 1446 2292 et

179 2351 298 2414 operae
321 2339 490 2412 compotes,
512 2349 579 2393 cum
604 2349 664 2411 quo
685 2329 796 2392 babitu
819 2331 991 2394 animorum
1013 2331 1171 2394 ablativus
1193 2350 1319 2394 causam
1335 2338 1446 2411 stupo-

181 2433 230 2496 ris
255 2433 397 2496 indicans
424 2438 499 2511 apte
527 2431 674 2512 iungitur.
718 2431 794 2493 Alia
821 2439 926 2494 autem
949 2430 1116 2508 adiectiva,
1138 2432 1300 2506 sollicitus,
1323 2432 1445 2507 anxius,

184 2541 325 2597 maestus
347 2533 593 2616 (nonnumquam
616 2531 826 2607 substantiva,
849 2541 885 2594 ut
906 2552 1004 2615 pavor
1025 2531 1077 2609 39,
1101 2533 1150 2608 14,
1172 2531 1220 2618 4),
1243 2533 1355 2614 quibus
1377 2541 1446 2596 stu-

184 2636 271 2698 dium
301 2633 454 2717 quoddam
484 2633 587 2715 aliquo
615 2633 771 2696 intentum
794 2633 996 2715 significatur,
1019 2634 1232 2698 accusativum
1255 2634 1446 2700 determina-

184 2735 280 2798 tionis
313 2735 410 2798 oicam
443 2733 502 2797 sibi
535 2733 724 2815 adiungunt:
757 2736 808 2808 21,
831 2734 882 2810 34,
904 2735 934 2798 b.
957 2735 1009 2810 28,
1033 2733 1082 2810 19,
1105 2729 1140 2811 ”1;
1162 2735 1214 2810 43,
1236 2731 1266 2798 9.
1288 2735 1341 2810 44,
1362 2736 1393 2810 3,
1415 2735 1445 2798 5.

184 2827 611 2913 8,35,1.0111.7,6,5.
654 2834 839 2916 Diriguntur
872 2837 911 2898 ad
944 2856 1009 2899 rem
1042 2837 1091 2899 vel
1122 2857 1211 2899 suam
1239 2837 1290 2900 vel
1312 2837 1446 2900 alienam

187 2937 460 3018 contemplandam
494 2935 680 3010 sollicitudo,
709 2936 863 3013 anxietas,
892 2938 1062 3012 maestitia,
1084 2957 1183 3020 pavor
1204 2936 1257 3022 (ut
1277 2938 1359 3002 idem
1383 2938 1447 3000 1111

186 3039 229 3102 111
251 3045 345 3120 atque
368 3057 423 3119 pro
446 3035 577 3120 aliquo),
600 3057 659 3100 non
682 3037 729 3099 111
750 3039 944 3119 perturbatio
968 3059 1083 3114 eorum,
1106 3039 1158 3120 qui
1177 3059 1251 3102 casu
1269 3037 1372 3120 aliquo
1389 3038 1448 3102 ad·

186 3139 263 3202 dicti
296 3147 353 3203 aut
385 3146 471 3202 metu
503 3138 635 3219 perculsi
669 3138 827 3202 exanimes
860 3149 1020 3203 vocantur.
1064 3141 1182 3204 Verum
1211 3139 1306 3202 etiam
1335 3139 1368 3202 in
1390 3159 1448 3202 usu

187 3241 309 3304 illorum
343 3240 517 3314 verborum,
550 3239 662 3320 quibua
695 3239 903 3304 sollicitudine
936 3242 1080 3305 adlectus
1111 3241 1223 3324 aliquis
1246 3239 1448 3322 significatur,

188 3363 249 3406 non
271 3360 403 3421 semper,
424 3341 457 3403 in
480 3338 554 3422 quid
577 3340 698 3402 animus
721 3340 860 3403 intentus
883 3341 936 3416 sit,
959 3343 1012 3405 sed
1037 3341 1131 3406 etiam
1150 3361 1212 3424 qua
1228 3361 1261 3404 11
1277 3350 1449 3405 commotus

188 3444 241 3518 111,
270 3442 436 3517 indicatur,
464 3441 552 3504 velut
580 3440 668 3504 Ourt.
712 3433 742 3515 ’1,
764 3440 815 3516 43,
838 3443 879 3504 20
901 3441 970 3506 Rex
993 3462 1052 3506 non
1076 3443 1218 3525 cupidine
1242 3443 1341 3524 magis
1363 3441 1449 3523 poti-

189 3543 264 3607 undi
286 3543 355 3617 loci,
379 3561 471 3624 quam
493 3541 561 3605 1111
585 3561 699 3616 eorum,
722 3561 799 3623 quos
821 3544 861 3606 ad
884 3550 950 3606 tam
973 3543 1173 3608 manifestum
1197 3542 1450 3632 1111111111ιωί-

189 3651 285 3720 serat,
319 3644 482 3718 sollicitus,
514 3649 581 3705 toto
616 3643 664 3705 die
699 3643 860 3706 cacumina
887 3644 1001 3708 montis
1027 3645 1153 3709 intuens
1174 3644 1301 3708 restitit.
1346 3645 1449 3707 Tanto

190 3744 289 3826 magis
316 3745 479 3819 exanimis,
505 3745 587 3826 quod
615 3763 740 3824 prorsus
762 3745 921 3825 passivum
945 3754 994 3809 111
1014 3767 1072 3810 nec
1094 3745 1249 3810 exteriora
1270 3745 1450 3828 respiciens,

190 3846 330 3909 ablativo
363 3844 550 3919 adnectitur,
584 3851 678 3927 atque
711 3844 863 3908 incertum
898 3855 956 3920 est,
990 3867 1061 3910 num
1096 3847 1216 3928 uspiam
1246 3865 1266 3908 a
1291 3846 1450 3910 veteribus

191 3947 340 4027 scriptum
368 3946 546 4010 inveniatur
574 3945 725 4009 exanimis
752 3945 851 4009 vicem
881 3947 1020 4010 alicuius.
1064 3947 1129 4033 (01.
1152 3947 1262 4020 Quint.
1288 3948 1336 4022 11,
1361 3950 1388 4022 1,
1410 3948 1452 4010 42

190 4049 309 4110 Bonum
334 4047 432 4110 virum
455 4046 546 4110 decet
567 4046 666 4110 malos
689 4047 801 4121 odisse,
827 4048 953 4129 publica
975 4050 1041 4112 vice
1066 4048 1260 4122 commoveri,
1283 4048 1383 4112 ultum
1405 4049 1450 4111 ire

190 4149 309 4211 scelera
332 4155 364 4211 et
385 4146 540 4232 iniurias).
574 4146 680 4210 Nihilo
703 4147 804 4212 minus
826 4149 966 4232 Madvig,
990 4160 1024 4213 ut
1047 4171 1111 4214 acc.
1134 4149 1232 4213 vicem
1247 4157 1450 4222 statueretur,

190 4251 342 4313 suadente
365 4249 522 4314 Gronovio
545 4248 680 4312 omnium
704 4249 773 4311 cdd.
797 4257 830 4312 et
852 4252 921 4313 edd.
945 4250 1165 4316 auctoritatem
1182 4252 1325 4314 deserere
1342 4269 1450 4312 neces·

189 4350 305 4414 sarium
327 4351 427 4414 duxit.

274 4453 325 4528 25,
348 4450 368 4515 9
396 4449 471 4516 solet
498 4471 576 4515 »non
604 4470 674 4513 raro
696 4450 743 4513 ita
765 4451 908 4514 absolute
931 4453 1057 4533 ponitur
1078 4453 1110 4517 in
1133 4474 1179 4529 eo,
1202 4453 1285 4534 quod
1308 4471 1346 4514 ex
1369 4469 1452 4514 more

190 4553 254 4626 litu,
286 4553 384 4616 Fabri
417 4555 457 4616 ad
485 4551 554 4615 Liv.
582 4553 634 4626 33,
658 4551 708 4626 14,
729 4555 759 4627 2,
781 4551 835 4614 ubi
858 4556 1001 4634 exempla
1023 4556 1216 4619 adferuntur.
1260 4553 1314 4616 Sic
1336 4552 1453 4614 assolet

193 4656 221 4728 1,
244 4653 295 4728 28,
317 4656 346 4717 2.
369 4654 400 4730 5,
422 4654 474 4729 52,
497 4651 547 4716 16.
569 4653 620 4729 23,
643 4653 694 4728 31,
718 4653 766 4716 15.
789 4646 841 4727 37,
865 4655 914 4727 14,
936 4654 966 4716 5.
988 4656 1040 4730 40,
1062 4657 1114 4731 14,
1135 4655 1165 4718 8.
1210 4654 1258 4718 cf.
1285 4653 1453 4734 Naegelsb.

193 4753 265 4818 Stil.
289 4755 304 4836 q
328 4753 397 4818 183.
420 4757 450 4818 2.
473 4770 507 4819 11.
551 4754 622 4818 Non
645 4754 803 4836 discrepat
824 4753 880 4817 illa
902 4754 1020 4837 ellipsis
1042 4777 1062 4820 a
1083 4775 1223 4820 sermone
1246 4754 1453 4820 Graecorum:

190 4854 318 4920 Arriam
352 4855 381 4931 1,
402 4850 475 4934 7,3
507 4853 588 4941 ὅπερ
620 4853 709 4940 φιλεῖ
739 4855 776 4922 dv
808 4863 872 4933 1111
904 4856 1040 4924 11111111
1068 4859 1127 4946 (11.
1156 4854 1339 4950 γενέσθαι).
1382 4855 1453 4922 Etsi
