3574 5632
387 605 423 666 18
580 609 779 684 Epilegomana
801 613 836 667 ad
859 611 891 667 Τ.
914 611 986 666 Livii
1010 611 1111 666 librum
1135 611 1295 666 vicesimam
1316 614 1448 682 primum.

384 805 491 849 versas
513 806 572 850 uon
595 787 697 849 minus
718 785 803 848 invia
825 800 916 862 quam
940 781 1031 842 devia
1053 785 1259 861 decurrisse»;
1293 805 1382 866 quem
1414 786 1539 867 quidem
1566 803 1649 847 oon·

384 897 500 951 tortum
523 895 616 950 vocat
637 888 772 950 ordinem
796 885 969 956 verborum,
992 889 1045 949 sed
1069 887 1234 949 Liuianum
1258 896 1290 949 et
1313 906 1332 949 a
1354 907 1414 968 quo
1436 908 1475 950 ne
1497 885 1553 948 alii
1571 886 1648 966 qui-

385 991 454 1053 dem
489 991 653 1069 scriptores
684 985 901 1048 abstinuerint.
956 985 990 1046 Id
1022 996 1057 1049 ut
1086 990 1207 1062 doceat,
1241 989 1279 1050 ad
1303 986 1648 1070 Adv.cna11,514

386 1093 523 1172 legentes
555 1089 697 1164 remittit,
730 1088 781 1148 ubi
814 1085 943 1148 ablativi
971 1087 1054 1150 inter
1082 1090 1342 1169 praepositionem
1366 1098 1398 1150 et
1420 1089 1647 1151 accusativum

384 1191 559 1274 interpositi
583 1189 725 1268 exempla
747 1190 842 1249 ailert
864 1186 932 1248 Liv.
955 1187 1006 1261 36,
1030 1191 1081 1265 23,
1103 1189 1124 1253 6
1146 1192 1296 1252 adversus
1327 1198 1476 1270 quattuor
1497 1211 1515 1252 e
1536 1188 1647 1270 parti-

386 1298 444 1358 bus
465 1292 555 1355 simul
578 1296 807 1370 oppugnantem
832 1289 963 1362 hostem,
986 1289 1058 1352 Seu.
1082 1292 1120 1353 de
1144 1291 1240 1354 Olem.
1266 1293 1294 1363 1,
1318 1290 1369 1364 18,
1391 1291 1411 1352 3
1434 1290 1563 1362 Quanto
1579 1308 1646 1350 nou

386 1393 470 1460 nasci
495 1392 603 1455 melius
625 1391 686 1452 luit
708 1408 798 1470 quam
824 1390 978 1451 numerari
999 1391 1082 1452 inter
1104 1393 1228 1472 publico
1251 1391 1333 1453 malo
1360 1392 1475 1454 natos?
1518 1390 1646 1461 Quem-

386 1497 550 1560 admodum
574 1493 722 1553 adversus
745 1490 913 1570 undique
936 1502 1178 1572 oppugnantem,
1211 1493 1305 1554 etiam
1335 1494 1502 1554 »adversus
1526 1498 1645 1572 qnat-

386 1607 476 1661 tuor
504 1615 520 1657 e
548 1592 727 1674 partibus
761 1599 1008 1672 oppugnantem»
1037 1593 1138 1655 dicere
1161 1602 1285 1674 poterat
1306 1594 1424 1667 Livius,
1448 1613 1485 1654 ac
1507 1593 1645 1664 Seneca,

386 1706 422 1761 ut
442 1697 526 1759 inter
555 1693 652 1756 male
674 1691 722 1776 (iu
747 1691 911 1765 miseriam,
935 1694 982 1754 vel
1005 1693 1121 1778 simile)
1144 1703 1246 1768 natos,
1268 1694 1312 1756 sio
1335 1695 1428 1756 etiam
1452 1695 1552 1755 »inter
1576 1711 1646 1773 pu-

387 1799 489 1862 blico
522 1795 621 1858 malo
654 1802 772 1854 natos».
817 1792 870 1855 Sic
891 1794 986 1873 igitur
1008 1802 1138 1876 utroque
1161 1795 1227 1857 loco
1250 1795 1408 1857 ablativus
1430 1795 1551 1874 positus
1576 1801 1644 1865 est,

387 1908 420 1962 ut
444 1897 531 1979 quasi
553 1893 692 1956 adverbii
715 1902 820 1973 partes
844 1901 927 1974 agat.
971 1895 1122 1958 Dissonat
1154 1895 1230 1958 illud
1254 1917 1316 1980 per
1343 1896 1477 1958 dioensis
1504 1895 1645 1979 rupibus

387 2001 484 2071 ionic,
518 2015 576 2078 quo
610 1995 732 2056 dicatur
764 2013 837 2074 »per
864 1995 902 2055 ob
931 2013 1023 2075 rupes
1052 1995 1192 2058 diversas
1214 1997 1331 2058 invias:
1365 1998 1442 2058 adeo
1465 1997 1642 2058 ablativum

387 2098 540 2165 enuntiati
573 2095 707 2158 causalis
741 2095 807 2156 vice
841 2095 942 2176 l'ungi;
976 2115 1141 2178 quamqum
1170 2098 1246 2159 mire
1279 2098 1408 2171 dicitur,
1441 2096 1515 2179 quia
1547 2115 1644 2176 rupes

387 2203 529 2264 diversae
551 2197 625 2270 sint,
647 2196 730 2258 invia
752 2195 820 2257 loca
842 2215 919 2258 esse.

470 2301 578 2379 Neque
602 2297 700 2378 magis
723 2296 830 2370 allicit,
854 2299 933 2378 quod
957 2297 1020 2372 alii,
1043 2299 1171 2360 exclusa
1192 2318 1317 2379 prorsus
1330 2297 1643 2382 praepositionem,

387 2402 543 2467 scribunt:
576 2400 611 2460 in
643 2399 728 2459 invia
761 2417 797 2458 ao
826 2398 916 2460 devia
939 2401 1115 2473 decurrunt,
1150 2401 1237 2481 quasi
1261 2401 1301 2462 ad
1324 2399 1402 2462 talia
1426 2400 1493 2462 loca
1515 2407 1643 2479 praeter
1670 2399 1679 2420 ⁸

388 2510 491 2568 cetera
523 2501 657 2562 tendant
690 2517 821 2560 cursum.
871 2499 1011 2581 Denique
1042 2519 1097 2580 pro
1120 2501 1300 2574 denarraret,
1324 2501 1403 2582 quod
1428 2499 1529 2562 estin
1555 2499 1642 2570 cdd„

387 2603 459 2668 inde
482 2621 502 2664 a
523 2600 624 2681 prima
645 2597 763 2661 Aldina
785 2619 882 2680 usque
905 2601 944 2662 ad
968 2601 1097 2664 alteram
1113 2601 1260 2665 Crevierii
1274 2602 1456 2664 discursant
1469 2601 1641 2681 legebatur.

471 2703 522 2777 33,
545 2701 564 2763 5
581 2701 678 2786 prinas
699 2701 767 2762 cdd.
791 2701 857 2762 edd.
878 2701 1004 2785 primus
1025 2702 1099 2783 Mvg
1123 2704 1169 2764 ed.
1193 2705 1222 2764 3.
1246 2711 1401 2765 auctorem
1424 2703 1557 2764 laudans
1572 2701 1643 2762 Un-

389 2823 505 2888 gerum,
540 2802 625 2865 cuius
658 2802 735 2862 haec
768 2809 817 2862 est
850 2803 1077 2883 argumentatio
1107 2803 1302 2886 (Philologus
1324 2803 1469 2866 XXXV.
1492 2822 1522 2882 p.
1546 2795 1641 2884 567):

388 2907 457 2968 »Da
490 2923 522 2967 cs
555 2902 634 2964 viele
666 2903 818 2964 tauseude
844 2921 956 2977 waren,
984 2923 1042 2965 von
1065 2905 1200 2966 welchen
1220 2905 1309 2984 jeder
1330 2912 1435 2966 zuerst
1456 2905 1511 2966 der
1533 2903 1643 2984 gefahr

393 3005 554 3069 cntrinnen
577 3003 689 3076 vollte,
712 3022 745 3064 so
771 3003 814 3064 ist
836 3005 889 3066 der
911 3005 1092 3084 superlativ,
1115 3008 1177 3067 und
1199 3004 1267 3068 weil
1290 3026 1323 3068 es
1345 3006 1409 3068 sich
1433 3025 1484 3066 um
1507 3003 1558 3067 die
1578 3003 1643 3084 pri·

393 3106 489 3170 orittt
511 3105 565 3167 der
587 3104 735 3184 subjecte,
768 3104 854 3166 nicht
882 3105 930 3166 die
958 3125 1018 3167 von
1042 3107 1233 3186 prtdicaten,
1255 3107 1395 3180 handelt‚
1428 3107 1484 3167 das
1507 3104 1643 3184 adjectis

393 3207 606 3287 nothwendig3
629 3225 685 3267 aus
705 3206 831 3289 primus
853 3205 895 3266 ist
917 3205 1012 3266 durch
1035 3208 1228 3288 veglassung
1255 3208 1309 3269 des
1331 3207 1463 3269 striches
1481 3207 1558 3268 tiber
1573 3209 1641 3268 dem

394 3317 495 3372 ersten
531 3308 617 3370 vocal
646 3311 742 3391 prauo
769 3308 956 3386 gewordeno.
1001 3307 1121 3388 Singuli
1145 3308 1259 3370 milites
1280 3328 1340 3370 non
1365 3328 1432 3370 cum
1456 3316 1524 3369 toto
1551 3305 1642 3369 simul

395 3409 531 3472 exercitu
565 3408 759 3471 aemulantes
793 3407 978 3487 cogitantur,
1012 3410 1065 3470 sed
1095 3410 1278 3490 quicumque
1302 3429 1391 3472 eursu
1416 3409 1527 3489 pedum
1552 3427 1642 3489 prae-

393 3518 541 3584 verterat,
565 3529 631 3572 cum
657 3528 691 3570 eo
714 3509 752 3570 de
774 3509 874 3588 priore
897 3508 962 3570 loco
984 3511 1143 3589 proximus
1156 3511 1307 3572 certabat.
1340 3510 1532 3572 Adverbium
1550 3510 1641 3572 etiam

395 3613 433 3672 de
461 3630 496 3672 eo
527 3617 704 3690 usurpatur,
741 3609 791 3690 qui
815 3609 897 3689 prior
919 3609 1034 3689 aliquid
1059 3611 1149 3673 facit:
1173 3613 1224 3685 31,
1246 3611 1276 3684 3,
1298 3609 1319 3672 6
1341 3631 1379 3672 ne
1402 3611 1533 3672 auderet
1555 3609 1642 3672 Phil-

394 3713 496 3792 ippus,
529 3713 608 3792 quod
632 3710 770 3792 Pyrrhus
793 3710 898 3790 prius
921 3729 1015 3772 ausus
1038 3721 1129 3773 esset.
1175 3711 1236 3783 Qui
1265 3711 1409 3792 antiquos
1433 3712 1526 3772 libros
1550 3729 1640 3773 manu

393 3813 525 3892 scriptos
560 3812 710 3892 legerunt,
743 3810 845 3874 sciunt
867 3830 926 3873 non
949 3812 979 3872 in
1004 3813 1143 3894 qualibet
1165 3813 1287 3895 syllaba
1309 3813 1446 3874 litteram
1471 3833 1498 3873 m
1523 3811 1643 3894 virgula

393 3913 544 3977 denotari.

479 4013 529 4088 st,
554 4015 591 4076 12
615 4013 715 4102 adfini
737 4013 867 4075 coniecit
888 4015 998 4088 Drah,
1020 4015 1070 4096 qui
1095 4015 1190 4076 affert
1212 4015 1242 4088 3,
1264 4013 1315 4087 68,
1337 4007 1357 4075 'l
1384 4013 1521 4076 Haerete
1551 4009 1642 4074 adlixi

396 4115 590 4178 contionibus
612 4115 695 4176 etin
720 4115 784 4176 foro
807 4114 913 4176 vivite.
957 4116 1076 4177 Probat
1098 4116 1181 4195 Mvg.
1206 4113 1345 4201 adflictis
1367 4114 1436 4177 GM.
1460 4111 1594 4200 afflictis
1616 4113 1642 4173 l.

395 4219 424 4279 3.
448 4216 521 4278 Ald.
544 4217 617 4282 min.
641 4213 757 4302 afflicti
778 4214 883 4298 (adil.)
906 4216 987 4296 Mog.
1011 4215 1084 4278 Ald.
1109 4217 1179 4278 mai.
1203 4216 1277 4278 Son.
1300 4235 1367 4296 sqq.
1389 4215 1481 4278 st.
1496 4215 1555 4276 ΗΖ.
1569 4213 1641 4277 Wll.

394 4317 463 4380 Hoc
485 4325 644 4379 narratur:
667 4336 686 4377 a
710 4316 798 4396 lapsu
821 4337 854 4378 se
876 4317 1027 4379 sustinere
1050 4337 1108 4379 uon
1131 4324 1287 4398 poterant,
1309 4315 1402 4397 idque
1423 4317 1484 4378 iam
1508 4325 1588 4390 tum,
1618 4313 1642 4374 si

396 4419 444 4480 vel
467 4419 592 4498 paulum
616 4418 848 4492 titubaverant3
880 4419 904 4478 si
934 4420 1022 4480 modo
1050 4418 1188 4480 titubare
1216 4424 1391 4497 coeperant,
1425 4417 1517 4480 certis
1545 4419 1642 4478 denuo

394 4519 539 4581 insistere
561 4519 693 4600 pedibus
716 4519 895 4600 nequibant.
939 4519 1007 4580 Non
1033 4519 1155 4593 dicitur,
1178 4527 1234 4581 aut
1256 4518 1315 4580 dici
1339 4517 1430 4580 facile
1452 4518 1565 4597 potuit,
1588 4517 1642 4579 ad-

396 4621 507 4693 flictos,
540 4621 604 4682 sive
638 4639 700 4692 eos,
734 4619 784 4699 qui
812 4621 842 4680 in
872 4628 984 4681 terram
1015 4621 1163 4699 prostrati
1187 4626 1301 4694 essent,
1322 4627 1462 4699 perstare
1483 4619 1514 4680 in
1539 4620 1640 4680 eodem

397 4722 527 4802 vestigio
562 4721 745 4801 nequivisse,
779 4729 835 4781 aut
866 4720 1041 4782 titubantes
1070 4721 1191 4782 eosdem
1216 4720 1356 4781 adflictos
1379 4720 1485 4793 luisse,
1513 4721 1566 4780 sed
1590 4719 1642 4780 boo

398 4829 533 4894 tantum,
556 4823 651 4883 semel
674 4821 857 4882 vacillantes
880 4822 1008 4882 firmiter·
1030 4822 1156 4883 haerere
1174 4822 1291 4883 frustra
1313 4828 1441 4882 conatos
1463 4839 1547 4896 ssse;
1570 4821 1641 4882 adeo
