3574 5632
364 587 404 646 48
557 591 757 668 Epilegomena
778 593 814 652 sd
836 595 868 651 T.
892 591 963 652 tivit
986 593 1088 652 librum
1112 593 1271 654 vicesimum
1293 593 1424 669 primum.

365 765 464 829 Haud
497 767 595 830 dabie
616 789 669 852 spe
691 779 795 833 casim
816 790 851 832 eo
872 770 924 832 die
945 791 976 832 ee
998 781 1259 854 eapupaoturam,
1282 777 1313 832 et
1336 771 1442 832 eodem
1467 768 1522 830 lib.
1545 785 1616 846 cap.

361 868 412 930 33.
434 863 485 930 47.
508 877 540 930 et
561 869 628 930 50».
682 870 891 932 Retiuuerunt
913 871 1050 933 codicum
1073 871 1258 950 scripturam
1281 878 1445 950 sequentes
1469 869 1617 939 editores,

360 969 415 1030 sed
447 968 539 1030 iidem
572 970 760 1032 sententiam
795 971 947 1032 Perizouii
978 991 1046 1033 cum
1070 991 1199 1034 assensu
1222 972 1406 1043 retulerunt,
1430 969 1615 1048 addiditque

361 1070 438 1130 haec
471 1069 610 1132 Crevier:
646 1071 842 1152 »Legendum
877 1072 1000 1134 omnino
1019 1081 1068 1134 est
1088 1072 1300 1156 eapupuandi.
1345 1070 1537 1151 oppugnare
1559 1089 1615 1132 vo-

362 1171 493 1232 luntatis
515 1179 579 1245 est;
602 1180 637 1232 at
658 1172 847 1251 expugnatio
868 1180 1040 1252 speratur.»
1082 1172 1262 1234 Alschefski
1285 1172 1417 1252 denique
1439 1171 1470 1233 in
1483 1179 1615 1232 contex-

361 1280 426 1333 tum
460 1272 575 1351 recepit
606 1273 819 1355 repugnandi,
853 1291 982 1354 eamque
1014 1293 1081 1336 esse
1103 1273 1287 1354 scripturam
1311 1271 1464 1334 Puteanei
1487 1271 1616 1332 definite

360 1372 541 1446 declaravit,
565 1373 623 1434 etsi
639 1373 671 1434 in
694 1373 820 1454 reliquis
842 1374 984 1435 omnibus
1007 1382 1091 1436 esset
1111 1373 1327 1458 oppugnandi.
1363 1373 1430 1452 Ego
1452 1391 1526 1434 vero
1539 1371 1614 1432 etin

360 1474 434 1535 Put.
458 1481 489 1535 et
510 1473 540 1535 in
564 1473 652 1536 colb.
675 1473 738 1535 vidi
761 1475 976 1558 oppugnandi.
1011 1474 1082 1545 Qua
1104 1477 1142 1536 de
1161 1494 1193 1536 re
1211 1474 1312 1555 priore
1324 1475 1372 1535 ed.
1385 1492 1455 1535 mea
1467 1472 1615 1534 certiores

361 1575 437 1636 facti
458 1573 549 1635 st.
573 1583 605 1636 et
626 1575 701 1654 Mvg
723 1575 832 1636 statim
855 1576 894 1636 ad
917 1575 998 1638 hanc
1020 1575 1180 1656 antiquam
1205 1575 1366 1638 lectionem
1390 1573 1421 1634 in
1444 1573 1614 1635 novisedd.

361 1676 529 1740 redierunt.
575 1675 663 1738 Haec
685 1685 789 1738 autem
814 1675 1046 1738 Alschefskium
1070 1677 1224 1756 corrigens
1247 1676 1443 1737 addideram:
1467 1673 1538 1735 Duo
1562 1691 1615 1733 ea-

360 1776 454 1838 stella
475 1775 542 1837 sive
562 1775 679 1855 oppida
700 1776 820 1838 munita
841 1776 934 1838 simili
958 1779 1046 1838 ruodo
1069 1795 1233 1858 aggressus
1256 1785 1304 1838 est
1325 1775 1496 1847 Hannibal,
1519 1791 1615 1854 quare

359 1877 441 1941 idem
475 1885 615 1957 utroque.
638 1876 703 1938 loco
731 1877 858 1938 verbum
882 1877 1022 1939 adhiberi
1046 1896 1102 1957 par
1124 1886 1182 1940 est.
1225 1877 1354 1957 Legitur
1376 1876 1391 1958 t
1414 1874 1448 1937 9.
1472 1875 1512 1936 ad
1536 1874 1615 1936 Vic-

361 1977 497 2039 tumulas
530 1977 760 2061 oppugnoodas
793 1978 836 2039 ire
871 1979 987 2059 pergit;
1010 1979 1048 2040 de
1070 1979 1169 2040 altero
1192 1987 1296 2040 autem
1320 1977 1434 2056 oppido
1457 1975 1472 2057 §
1493 1974 1514 2038 6
1536 1975 1615 2036 haec

360 2078 476 2139 habent
500 2097 606 2140 omnes
628 2078 697 2140 edd.
720 2078 921 2140 recentiores:
944 2078 1021 2140 Eius
1044 2078 1165 2140 castelli
1189 2077 1438 2158 expugnandi
1462 2095 1518 2156 spe
1541 2075 1616 2158 (op-

360 2178 518 2259 pugnandi
553 2177 638 2260 cdd.)
669 2197 737 2240 cum
761 2179 1128 2259 equitibus..prolectus
1151 2179 1310 2240 Hannibal
1334 2185 1393 2239 eet
1438 2177 1534 2257 Spem
1558 2195 1616 2237 au·

362 2287 423 2342 tem
462 2279 601 2341 habebat
636 2278 701 2340 eius
737 2279 857 2341 castelli
890 2280 956 2341 sine
989 2279 1054 2341 ulla
1086 2279 1245 2341 obsidione
1272 2279 1381 2340 statim
1408 2278 1439 2338 vl
1463 2277 1616 2356 capiendi.

362 2381 500 2442 Primum
533 2380 564 2442 id
588 2380 722 2459 probans
745 2380 978 2452 Weissenborn,
1001 2388 1036 2442 ut
1058 2380 1073 2462 §
1095 2378 1114 2441 9
1137 2379 1377 2464 oppugnandos,
1401 2379 1446 2440 sic
1468 2379 1526 2440 hoc
1549 2378 1616 2439 loco

361 2479 568 2566 oppugnandi
599 2481 761 2560 legendum
799 2500 867 2542 esse
889 2490 1010 2556 censet;
1033 2501 1104 2542 nam
1128 2483 1187 2542 «da
1209 2481 1259 2542 die
1282 2479 1417 2542 Absicht
1438 2478 1617 2541 Hannibale

360 2583 393 2644 in
430 2583 535 2661 Bezng
566 2582 624 2642 aui
654 2581 743 2642 beide
766 2580 842 2644 Orte
864 2581 1001 2644 dieselbe
1023 2601 1100 2644 war:
1123 2582 1203 2644 ohne
1225 2581 1418 2662 Belagerung
1440 2583 1482 2642 im
1507 2579 1616 2642 Sturm

360 2683 405 2746 sie
437 2703 475 2744 zu
508 2681 649 2754 nahmen,
682 2701 716 2744 so
752 2682 836 2744 kann
870 2701 909 2744 an
938 2703 967 2744 u.
997 2682 1045 2745 St.
1076 2682 1162 2745 nicht
1183 2682 1240 2745 wol
1263 2681 1468 2766 eapagnoadi
1491 2679 1616 2761 gelesen

360 2785 509 2847 werden».

445 2883 528 2956 Quia
560 2883 685 2964 saepius
708 2885 746 2945 de
769 2883 817 2946 his
846 2883 948 2946 verbis
969 2883 1176 2964 disceptatur,
1198 2904 1259 2965 quo
1282 2883 1372 2946 modo
1394 2883 1476 2944 inter
1498 2901 1532 2942 se
1554 2881 1618 2942 dil-

362 2987 475 3058 ierant,
502 2985 673 3047 videamus.
718 2983 919 3065 Oppugnatio
942 2992 990 3046 est
1011 2985 1104 3047 urbes
1126 2984 1326 3066 aggrediendi
1349 2985 1473 3057 modos3
1496 3001 1616 3062 expug-

363 3085 449 3148 natio
481 3094 585 3148 autem
619 3085 688 3148 finis
723 3084 785 3159 ille,
809 3085 861 3165 qui
883 3085 1089 3165 aggrediendo
1111 3093 1284 3166 spectatur,
1306 3085 1372 3146 sive
1394 3085 1425 3145 in
1449 3083 1524 3146 locis
1548 3102 1616 3144 mu·

363 3187 437 3250 nitis
460 3186 617 3267 capiendis
641 3187 729 3267 quasi
752 3194 842 3248 actus
864 3185 992 3248 ultimus
1015 3185 1081 3266 (26,
1106 3187 1134 3261 l,
1156 3189 1176 3247 2
1199 3207 1236 3248 ne
1259 3205 1279 3247 a
1301 3186 1422 3265 Capua,
1444 3203 1537 3266 quam
1561 3183 1616 3246 ob-

362 3289 518 3362 sidebant,
550 3287 762 3361 abscederent,
795 3287 974 3367 priusquam
1008 3281 1265 3374 expugnassent).
1315 3286 1433 3348 Celeris
1454 3283 1615 3364 occupatio

362 3388 534 3452 intenditur
566 3408 604 3450 ac
636 3397 790 3468 speratur,
817 3387 871 3450 sed
894 3407 1038 3450 successu
1060 3407 1169 3467 parum
1192 3405 1339 3468 prospero
1360 3387 1475 3448 iterato
1498 3385 1615 3465 impetu

362 3509 440 3570 opus
473 3496 523 3550 est
554 3498 610 3550 aut
642 3489 710 3550 abit
731 3509 780 3550 res
802 3488 834 3550 in
856 3488 1047 3550 obsidionem
1070 3487 1190 3569 magnis
1208 3487 1358 3550 adhibitis
1381 3486 1526 3567 operibus
1548 3487 1614 3562 (22,

361 3592 413 3665 20,
435 3585 464 3652 7.
500 3589 551 3663 25,
574 3587 625 3663 39,
649 3591 696 3652 11.
721 3591 810 3652 (laea.
833 3589 863 3650 b.
887 3609 912 3650 c.
935 3590 965 3662 2,
989 3589 1016 3650 l.
1040 3589 1104 3652 Cic.
1126 3590 1215 3652 Fam.
1238 3590 1268 3664 2,
1294 3589 1343 3662 10,
1366 3589 1395 3649 3.
1421 3587 1469 3662 15,
1490 3587 1522 3661 4,
1551 3587 1613 3666 10).

364 3689 411 3752 01.
434 3693 464 3762 2,
489 3690 537 3762 11,
565 3691 576 3750 l
602 3690 755 3754 Porsinna
777 3690 874 3769 primo
898 3698 1010 3751 conatu
1033 3690 1175 3770 repulsus
1198 3688 1334 3751 consiliis
1348 3689 1389 3750 ab
1405 3688 1614 3768 oppugnanda

363 3792 438 3854 urbe
461 3792 500 3852 ad
523 3790 724 3854 obsidendam
748 3791 845 3852 versis
868 3791 1022 3870 praesidio
1044 3791 1075 3852 in
1098 3791 1235 3852 Ianiculo
1258 3790 1359 3852 locato
1381 3789 1449 3869 ipse
1471 3789 1502 3850 in
1522 3789 1613 3869 plano

362 3892 499 3972 ripisque
531 3891 652 3952 Tiberis
686 3900 790 3953 castra
817 3891 930 3970 posuit.
974 3885 1025 3963 27,
1047 3889 1098 3964 39,
1123 3892 1158 3952 ll
1184 3890 1380 3974 (Hasdrubal
1402 3887 1613 3970 Placentiam)

363 3993 486 4055 obsidet
521 3992 618 4071 magis
652 4012 743 4072 quam
777 4000 946 4072 oppugnat.
1000 3993 1052 4065 21,
1073 3991 1103 4065 8,
1128 3993 1142 4053 1
1168 3991 1296 4054 Obsidio
1320 3989 1418 4070 magis
1442 4009 1533 4071 quam
1557 4009 1614 4069 op-

363 4091 512 4173 pugnatio
535 4091 604 4165 luit,
627 4093 699 4154 dum
723 4093 833 4154 vulnus
857 4093 943 4154 ducis
971 4099 1139 4154 curaretur.
1183 4093 1421 4172 Nonnumquam
1444 4108 1615 4172 praepara-

362 4201 413 4256 tur
447 4193 544 4273 magis
578 4211 669 4273 quam
703 4193 861 4272 perficitur
893 4193 1021 4254 obsidio.
1077 4193 1158 4254 Nam
1182 4193 1276 4255 etiam
1300 4193 1339 4254 ad
1361 4193 1613 4272 oppugnandum,

362 4295 389 4355 si
423 4315 482 4356 non
515 4293 670 4373 operibus,
702 4302 737 4355 at
769 4294 919 4356 machinis
941 4313 1018 4374 opus
1041 4302 1090 4356 est
1111 4292 1177 4373 (29,
1200 4291 1229 4368 7,
1252 4292 1281 4355 9.
1304 4293 1355 4367 25,
1380 4294 1429 4373 11,
1454 4291 1519 4376 10),
1542 4292 1616 4354 licet

362 4395 516 4458 interdum
541 4394 672 4456 castella
694 4395 815 4456 munita
835 4394 991 4474 inproviso
1014 4397 1150 4457 adventu
1174 4394 1348 4474 capiantur.
1391 4393 1422 4466 5,
1445 4395 1476 4467 2,
1500 4393 1514 4454 l
1537 4392 1614 4455 (lum

362 4516 435 4577 spes
470 4497 568 4558 maior
600 4494 840 4574 imperatoribus
873 4495 1021 4556 Romanis
1050 4496 1080 4557 in
1103 4494 1261 4557 obsidione
1285 4513 1375 4575 quam
1399 4494 1430 4554 in
1454 4513 1616 4574 oppugna-

363 4597 446 4660 tione
470 4603 563 4668 essat,
585 4594 786 4658 hibernacula
809 4595 963 4658 aedificari
987 4603 1106 4675 coepta.
1150 4595 1285 4658 Felicius
1308 4595 1449 4656 nimirum
1474 4594 1527 4656 ubi
1544 4613 1616 4674 spes

365 4699 466 4760 estin
489 4697 718 4779 oppugnatione
741 4698 817 4770 sola,
841 4704 876 4758 ut
898 4697 1068 4758 Hannibali
1091 4716 1162 4776 spes
1185 4704 1254 4758 erat
1275 4696 1341 4757 mas
1360 4692 1479 4757 castelli
1492 4715 1616 4779 oppug-

363 4800 472 4873 nandi,
495 4798 576 4879 quod
596 4815 691 4876 prope
714 4796 908 4859 Placentiam
931 4798 1025 4858 situm
1049 4806 1126 4870 erat,
1150 4817 1220 4860 cum
1243 4797 1409 4876 plurimum
1433 4796 1463 4858 in
1490 4795 1617 4858 celando
