3574 5632
343 578 381 633 54
532 579 732 652 Epilegomena
754 581 790 635 ad
813 580 844 636 Τ.
868 581 941 636 Livii
963 579 1065 635 librum
1090 581 1249 636 vicesimum
1271 582 1403 651 primum.

336 751 555 838 pulvinarium
580 751 629 812 vel
658 750 825 812 sacrarium
856 751 905 812 vel
928 753 1138 830 pavimentum
1162 756 1397 836 interpretatur.
1441 751 1506 814 Vix
1529 751 1595 813 ulla

340 863 407 917 arte
430 855 461 916 id
484 853 667 917 vocabulum
692 871 730 912 ex
754 859 901 914 contextu
923 853 1004 917 Livii
1028 857 1203 938 extorqueri
1227 856 1351 936 poterit.

423 955 474 1030 62,
507 951 526 1016 7
560 954 631 1016 Iam
659 953 802 1037 primam
835 954 973 1017 omnium
1006 957 1059 1019 Po
1090 958 1116 1019 1.
1139 959 1168 1018 3.
1192 959 1274 1038 Mog.
1298 957 1371 1020 Ald.
1395 976 1461 1038 sqq.
1505 952 1594 1016 Nam

335 1058 479 1143 primum
501 1057 639 1120 omnium
663 1053 792 1116 coniecit
815 1055 950 1136 Madvig.
993 1058 1152 1120 Interdum
1176 1059 1207 1120 in
1230 1059 1407 1120 narratione
1429 1056 1497 1119 sola.
1520 1073 1594 1136 par-

340 1159 437 1222 ticula
469 1159 534 1220 iam
563 1177 643 1219 5555
665 1155 769 1236 511555
791 1175 850 1228 555,
873 1159 1055 1235 praesertim
1079 1160 1104 1220 si
1128 1159 1251 1221 maioris
1275 1159 1422 1221 momenti
1444 1164 1503 1231 est,
1526 1175 1594 1218 em·

342 1260 431 1341 phasi
466 1261 598 1340 quadam
623 1256 757 1330 additur,
781 1263 816 1318 ut
838 1258 868 1331 3,
891 1258 941 1332 34,
963 1259 992 1320 8.
1016 1258 1045 1333 9,
1071 1259 1119 1334 19,
1141 1258 1170 1323 9.
1194 1261 1244 1334 23,
1267 1261 1296 1333 5,
1322 1260 1370 1322 15.
1394 1260 1445 1332 24,
1469 1259 1518 1330 10,
1543 1257 1592 1318 10.

341 1359 393 1433 29,
417 1362 446 1435 3,
472 1359 518 1422 14.
542 1359 593 1432 38,
618 1353 674 1431 17,
689 1356 717 1420 9.
753 1357 815 1420 Ubi
838 1377 909 1419 vero
933 1380 1000 1421 cum
1024 1362 1054 1422 51
1078 1361 1117 1422 55
1139 1379 1214 1435 rem,
1238 1381 1316 1441 quae
1335 1360 1512 1442 significata
1534 1363 1592 1430 est,

342 1462 613 1524 demonstrandum
638 1459 686 1520 551
710 1459 748 1518 55
773 1459 910 1539 singulas
923 1468 1028 1540 partes
1043 1462 1086 1524 rei
1107 1462 1262 1524 indicatae
1276 1463 1475 1543 exponendas
1487 1467 1594 1521 trans-

341 1567 403 1626 itus
432 1564 478 1636 fit,
511 1563 576 1623 iam
593 1560 737 1644 primum
760 1567 941 1639 usurpatur:
963 1560 993 1634 9,
1016 1563 1045 1636 5,
1071 1563 1119 1638 12;
1147 1557 1192 1636 17,
1215 1563 1244 1624 5.
1268 1564 1318 1638 35,
1344 1562 1392 1636 18,
1414 1563 1444 1624 4.
1467 1559 1518 1633 39,
1541 1559 1592 1631 52,

339 1665 368 1727 8.
402 1665 453 1738 40,
476 1665 505 1738 3,
528 1664 556 1724 3.
611 1661 737 1723 Plenius
761 1669 863 1722 autem
888 1664 995 1724 eadem
1018 1663 1048 1725 vi
1071 1664 1136 1725 iam
1153 1664 1296 1748 primam
1319 1664 1458 1726 omnium
1480 1661 1594 1723 dicitur

340 1767 388 1828 551
422 1766 487 1827 ianr
520 1763 659 1826 omnium
686 1762 839 1846 primam.
895 1761 964 1833 Quo
996 1764 1064 1844 ipso
1098 1766 1188 1827 modo
1211 1765 1319 1826 Livius
1341 1765 1457 1827 transit
1480 1764 1520 1824 55
1543 1781 1592 1823 555

339 1868 497 1929 Romanas
520 1865 658 1945 singulas
682 1865 881 1936 enarrandas,
904 1872 1067 1946 postquam
1091 1873 1189 1927 totam
1214 1885 1276 1928 rem
1291 1867 1489 1928 considerans
1501 1883 1594 1943 prae-

342 1971 427 2029 15555
462 1976 518 2028 555.
569 1965 644 2026 Α115
666 1964 810 2042 exempla
832 1972 904 2025 sunt
926 1965 956 2038 5,
979 1966 1029 2040 51,
1052 1965 1080 2028 6.
1105 1968 1155 2040 22,
1178 1962 1229 2040 37,
1251 1967 1279 2027 5.
1304 1967 1355 2040 28,
1377 1965 1428 2040 39,
1451 1966 1470 2027 5
1495 1974 1527 2026 55
1545 1964 1594 2026 515

340 2069 406 2148 ipse
429 2067 524 2141 locus,
546 2067 577 2127 in
601 2085 659 2148 quo
688 2085 854 2126 versamur.
899 2065 1032 2128 Librarii
1055 2087 1137 2142 vero,
1161 2069 1211 2149 551
1235 2069 1300 2129 iam
1322 2069 1398 2130 illud
1422 2066 1594 2129 55155515-

340 2170 538 2241 tellexerunt,
561 2167 591 2228 in
615 2188 687 2228 acm
711 2167 865 2227 interdum
890 2175 1060 2242 verterunt,
1085 2168 1221 2241 551559,
1247 2162 1295 2242 17,
1318 2169 1447 2230 5511555
1461 2168 1593 2248 primum

341 2278 376 2332 nt
409 2269 511 2332 ordiar
545 2270 583 2330 ab
618 2267 747 2330 ducibus
781 2269 1012 2346 comparandis»
1046 2276 1115 2342 555,
1149 2268 1199 2344 39,
1222 2270 1273 2343 52,
1296 2269 1317 2331 8
1338 2271 1436 2331 «Nam
1461 2269 1593 2348 primum

342 2392 464 2434 omnes»
499 2372 566 2432 odd.
590 2370 683 2431 Voss.
707 2376 739 2428 et
761 2368 836 2428 Lov.
861 2367 900 2441 6.‚
925 2388 1000 2449 quos
1023 2370 1163 2451 sequitur
1185 2371 1323 2451 Madvig,
1346 2371 1432 2452 sequi
1456 2390 1514 2431 555
1540 2370 1595 2432 de—

340 2473 446 2546 bebat,
470 2471 541 2552 quia
565 2470 684 2532 codices
713 2469 874 2531 Loveliani
897 2477 929 2530 et
952 2471 1098 2532 Vossiani
1120 2470 1180 2532 isto
1204 2492 1304 2534 errore
1327 2480 1452 2552 praeter
1475 2479 1593 2532 ceteros

341 2573 494 2635 notabiles
517 2579 590 2634 sunt
613 2569 690 2656 (515.
714 2570 811 2631 Drak.
836 2572 873 2631 ad
898 2571 948 2645 34,
970 2571 1000 2645 4,
1023 2572 1053 2646 4;
1076 2573 1126 2645 31,
1152 2573 1198 2634 15.
1222 2571 1251 2646 9,
1277 2566 1326 2646 17,
1348 2573 1377 2634 5.
1400 2575 1430 2646 2,
1453 2570 1505 2646 29,
1529 2569 1593 2652 ll).

340 2676 425 2736 Ideni
449 2674 516 2747 hoc,
541 2673 592 2754 qui
615 2672 703 2734 55515
726 2672 826 2744 adest,
850 2671 973 2733 155555
998 2693 1065 2733 eam
1090 2693 1214 2735 causam
1228 2672 1315 2734 Nam
1326 2673 1501 2746 substituit,
1515 2673 1593 2754 quod

341 2796 400 2837 non
428 2782 608 2836 transeatur
630 2773 670 2834 ad
693 2792 803 2833 novam
828 2792 901 2833 rem.
947 2773 1008 2835 Sed
1033 2773 1125 2834 etiam
1150 2774 1276 2855 reliquis
1299 2774 1373 2836 locis
1396 2794 1491 2854 supra
1515 2773 1594 2835 alla-

340 2877 392 2950 tis,
415 2897 491 2957 quos
514 2875 562 2936 his
585 2874 721 2946 vocibus,
745 2873 823 2933 «iam
847 2873 1007 2952 primurn»,
1030 2874 1108 2935 «iarn
1133 2877 1268 2937 omnium
1292 2875 1451 2956 primum»,
1472 2874 1593 2954 incipit,

341 2978 536 3057 explicantur
568 2976 678 3047 solum,
702 2995 780 3055 5555
802 2974 938 3036 55551555
960 2975 1134 3056 significata
1157 2985 1257 3049 55555,
1280 2997 1338 3038 555
1363 2977 1402 3037 55
1426 2996 1522 3038 55555
1546 2995 1593 3036 555

341 3079 501 3139 transitur.
546 3074 649 3138 Aliter
671 3097 704 3137 se
726 3064 833 3147 habet,
856 3084 891 3136 ut
914 3078 1002 3138 modo
1025 3077 1099 3149 dixi,
1122 3077 1187 3138 iam
1209 3078 1284 3139 illud
1308 3077 1416 3139 solum.

423 3178 474 3252 62,
508 3177 527 3240 9
560 3178 719 3240 Iuventati
753 3176 841 3239 PCM
876 3177 972 3239 Gron.
1006 3179 1101 3239 Drak.
1125 3179 1215 3240 st.
1238 3179 1314 3240 Wfl.
1337 3179 1490 3240 iuuentuti
1514 3179 1542 3239 l.
1565 3179 1593 3239 3.

340 3281 413 3343 Ald.
444 3280 515 3340 min.
539 3281 621 3359 Mvg.
667 3278 814 3340 15555555
836 3279 918 3358 Mog.
943 3276 1015 3339 Ald.
1039 3279 1112 3340 mai.
1134 3280 1226 3341 Frob.
1251 3280 1342 3343 Grnt.
1376 3279 1594 3359 Opponuntur,

341 3402 419 3463 5555
449 3381 629 3442 nominatim
652 3379 807 3459 imperata
830 3386 929 3452 erant,
953 3379 1175 3442 lectisternium
1199 3381 1356 3444 Iuventati
1381 3389 1413 3442 et
1435 3381 1595 3461 snpplica-

339 3483 383 3544 tio
419 3483 458 3544 ad
493 3483 600 3543 aedem
624 3480 778 3553 Herculis,
800 3480 936 3541 indictae
960 3480 1102 3543 universo
1126 3483 1238 3562 populo
1262 3482 1343 3544 circa
1365 3483 1469 3544 omnia
1491 3481 1595 3562 pulvi-

341 3584 429 3644 naria
462 3581 689 3663 supplicationi.
744 3581 814 3642 Non
848 3589 993 3660 poterant
1022 3582 1164 3644 nimirum
1188 3583 1412 3645 lectisternium
1435 3583 1595 3644 Iuventati

342 3692 374 3746 55
396 3684 582 3765 snpplicatio
606 3683 645 3744 55
668 3683 774 3744 aedem
799 3682 942 3743 Herculis
963 3682 1082 3745 indicta
1105 3704 1124 3744 5
1146 3691 1215 3745 5555
1236 3685 1330 3747 turba
1342 3683 1501 3746 celebrari.
1524 3683 1594 3746 Ν55

341 3806 412 3847 5555
434 3792 579 3866 55555555
602 3784 714 3845 5151555
736 3783 958 3845 lectisternium
982 3783 1136 3846 iuventuti
1158 3785 1308 3847 indictum
1332 3785 1438 3847 luisse.

424 3885 475 3958 63,
508 3887 527 3948 3
561 3887 709 3948 aduersas
742 3894 882 3946 cenatum
912 3885 979 3946 cdd.
1003 3886 1072 3947 edd.
1096 3886 1225 3948 adverso
1248 3895 1356 3948 sanata
1378 3907 1394 3948 5
1418 3885 1595 3948 5551555555

342 3987 489 4050 Gronovii
511 3988 594 4067 Mvg.
618 3987 732 4067 Legem
757 3985 795 4056 Q.
820 3984 969 4047 Claudius
991 3986 1134 4048 tribunus
1157 3987 1257 4067 plebis
1280 3989 1429 4048 adversus
1451 3994 1594 4049 senatum

339 4088 447 4150 tulisse
472 4088 516 4150 sic
538 4088 660 4158 dicitur,
686 4085 771 4160 556,
794 4085 845 4159 35,
866 4086 886 4148 4
909 4087 1024 4148 5515551
1048 4087 1082 4150 C.
1105 4087 1242 4149 Licinius
1266 4097 1297 4149 55
1319 4089 1354 4148 L.
1378 4087 1507 4150 Sextius
1521 4107 1594 4167 pro-

341 4189 516 4269 mulgavere
550 4189 633 4270 leges
666 4207 771 4250 omnes
805 4188 953 4249 adversus
976 4207 1049 4267 opes
1072 4187 1270 4268 patriciorum
1295 4198 1326 4252 et
1349 4208 1403 4268 pro
1427 4189 1594 4250 commodis

341 4289 451 4370 plebis,
484 4293 535 4364 21,
571 4292 618 4363 10,
651 4291 671 4350 2
703 4289 815 4349 115555
850 4308 928 4350 5555
962 4290 1111 4351 55555555
1145 4298 1286 4352 senatum
1312 4309 1436 4352 causam
1460 4289 1594 4351 foederis

340 4390 507 4472 55155115.

866 4589 1065 4599 ——-.-.
