3584 5632
487 644 688 717 Epilagomaua
710 645 747 700 od
768 645 801 700 T.
825 644 897 701 Livii
919 645 1021 700 librum
1044 643 1176 714 primum.
1422 643 1460 700 21

168 817 372 880 sollicitare
406 817 532 899 quietae
565 816 703 880 civitatis
736 823 854 880 statum
882 817 963 880 idem
987 818 1074 880 valet
1094 836 1132 881 ac
1154 817 1221 880 soll.
1245 816 1382 899 quietum
1407 815 1464 879 civ.

173 926 333 982 statum.
378 919 440 982 Sad
471 918 618 982 alitarsa
641 937 690 982 111
712 917 819 993 habet,
842 938 910 981 oum
934 918 1025 981 adest
1046 918 1244 999 participium
1268 918 1345 998 peri.
1370 937 1464 998 pass,

178 1021 286 1101 quod
309 1020 499 1082 substantivi
522 1019 657 1082 verbalis
680 1019 831 1082 abstracti
855 1019 905 1082 vel
927 1019 1025 1081 totins
1048 1020 1202 1083 enuntiati
1224 1020 1290 1082 vice
1306 1020 1465 1100 fungatur,

182 1140 295 1202 quam
327 1122 367 1184 ad
395 1122 519 1183 modum
549 1120 606 1184 loci
629 1121 803 1200 praesentis
826 1121 852 1183 is
875 1140 984 1183 sensus
1008 1130 1066 1196 est,
1088 1128 1224 1198 moestos
1247 1127 1393 1202 parentes
1415 1120 1465 1182 in·

188 1221 362 1284 ousavisse
385 1221 584 1284 violationem
608 1221 741 1285 foederis
763 1222 901 1302 hospitii,
923 1221 989 1284 sive
1012 1224 1091 1304 quod
1116 1223 1225 1284 foedus
1247 1221 1375 1301 hospitii
1397 1221 1464 1284 vio·

190 1323 303 1384 latum
338 1331 431 1397 11111,
458 1324 528 1385 1.1.
557 1323 707 1386 violatum
737 1322 864 1402 hospitii
887 1324 1005 1385 foedus.
1050 1324 1077 1386 Ε
1101 1323 1254 1388 contrario
1277 1322 1386 1384 violati
1409 1323 1465 1384 ho-

195 1423 290 1504 spitii
326 1425 434 1487 foedus
469 1423 541 1506 quid
577 1423 660 1486 aliud
696 1431 744 1486 est
770 1425 829 1486 nisi
858 1425 967 1486 foedus
989 1424 1166 1487 violationis
1187 1424 1315 1505 hospitii
1339 1424 1404 1485 sive
1427 1424 1465 1484 dc

198 1524 373 1587 violatione
401 1524 529 1606 hospitii
551 1524 685 1586 initum?
712 1524 781 1596 Quo
803 1524 940 1606 ineptius
963 1525 1039 1588 nihil
1062 1526 1191 1606 cogitari
1214 1534 1327 1605 potest.
1372 1523 1466 1587 01111-

148 1638 152 1648 ·
205 1645 274 1688 11111
307 1644 379 1688 vero
408 1625 579 1688 auctoritas
600 1625 632 1688 in
655 1625 713 1687 tali
735 1644 777 1700 re,
801 1626 853 1688 ubi
876 1625 1044 1688 identidem
1069 1626 1262 1708 delinquant,
1285 1625 1376 1688 valde
1399 1643 1466 1686 me-

204 1725 318 1789 diocris
347 1734 404 1790 est.
447 1727 484 1789 In
513 1728 606 1807 plane
634 1725 726 1788 simili
749 1746 781 1788 re
807 1727 834 1800 1,
856 1726 886 1800 4,
909 1727 930 1788 4
952 1747 1008 1791 nec
1030 1727 1109 1790 adiri
1131 1746 1263 1809 nsquam
1287 1728 1325 1788 ad
1349 1728 1466 1788 iustum

205 1847 328 1890 cursum
362 1835 487 1908 poterat
515 1828 615 1890 amnis
637 1827 707 1902 RD,
729 1828 807 1890 iusti
828 1829 927 1901 MFP,
951 1828 1115 1910 quodiam
1139 1829 1171 1890 in
1194 1829 1302 1910 primis
1325 1829 1393 1890 edd.
1417 1845 1467 1889 re-

205 1929 351 1990 stitutum
382 1936 440 1990 est.
490 1929 597 1991 Habet
625 1930 691 1990 cod.
718 1929 898 1991 Puteaneus
926 1928 977 2005 28,
1000 1931 1051 2002 33,
1075 1929 1114 1992 16
1137 1931 1177 1992 ad
1200 1937 1319 2010 partem
1344 1947 1467 2008 pugnae

206 2029 414 2113 capessendae
446 2031 518 2111 (pro
548 2028 798 2114 capessendam),
826 2029 877 2103 28,
899 2030 949 2104 43,
975 2032 990 2092 l
1015 2031 1203 2094 auctoritate
1226 2037 1258 2094 11
1280 2030 1468 2092 inueteratae

205 2130 391 2210 prudentiae
425 2132 509 2192 fama
543 2130 613 2211 (pro
645 2123 847 2215 inveterata).
893 2132 943 2205 31),
966 2133 1016 2206 32,
1044 2134 1063 2194 2
1087 2133 1155 2195 odd.
1179 2132 1223 2194 sic
1244 2131 1379 2193 habent:
1411 2150 1469 2210 par

207 2231 376 2311 pericnlum
406 2232 555 2311 praemio,
584 2230 696 2313 quibus
718 2232 868 2294 aduersae
890 2251 1012 2313 pugnae
1036 2234 1162 2296 fortuna
1185 2233 1310 2308 luisset;
1334 2231 1469 2294 1111111-

207 2353 297 2394 uerso
335 2332 497 2413 legandum
539 2353 606 2394 esse
640 2333 770 2394 coniecit
803 2334 866 2395 Iao.
900 2333 1090 2409 Perizonius,
1123 2353 1215 2416 quam
1250 2333 1469 2405 coniecturam,

208 2441 373 2515 postquam
397 2433 496 2496 altero
518 2433 578 2496 iam
603 2434 726 2495 saeculo
749 2434 892 2515 neglecta
913 2432 1020 2509 iacuit,
1043 2435 1152 2497 ultimo
1176 2435 1307 2516 deniqne
1330 2442 1469 2514 tempore

209 2534 344 2596 editores
375 2541 410 2596 ut
436 2554 530 2597 unam
554 2553 658 2597 veram
683 2534 819 2614 amplexi
843 2543 916 2596 sunt
935 2533 1024 2618 (nam
1048 2536 1124 2598 dicit
1145 2535 1253 2597 Livius
1275 2542 1311 2597 11
1333 2533 1470 2596 secunda

209 2635 255 2698 sio
276 2635 408 2698 aduam
431 2655 552 2717 pugnae
575 2637 711 2708 fortuna,
736 2636 861 2710 1141,
886 2637 934 2698 13.
957 2636 987 2711 9,
1013 2635 1060 2712 18,
1085 2638 1151 2716 12).
1196 2637 1281 2698 Idem
1305 2635 1357 2698 ille
1379 2635 1470 2697 Peri-

208 2737 313 2798 zonius
335 2737 394 2798 hoo
415 2736 493 2810 loco,
515 2737 546 2799 in
570 2756 629 2818 quo
653 2755 822 2811 versamur,
846 2738 1005 2818 legandum
1031 2737 1161 2800 coniecit
1174 2735 1325 2800 uiolatum
1343 2735 1470 2816 hospitii

210 2838 329 2912 foedus,
363 2856 454 2919 quam
490 2837 737 2901 emendationem
766 2838 904 2918 graviter
934 2841 1130 2902 commendat
1152 2839 1218 2901 Ioh.
1241 2838 1471 2917 Frendenberg,

211 2937 454 3002 Observationes
475 2939 637 3013 Livianae,
660 2958 760 3020 progr.
784 2940 882 3002 Bonn.
909 2939 998 3002 1862.

296 3039 388 3115 ll,8
420 3040 563 3104 Additur
588 3037 708 3126 subola
741 3041 779 3102 ad
813 3039 854 3114 id,
889 3043 968 3121 quod
998 3061 1016 3102 a
1044 3041 1133 3104 Livio
1162 3061 1217 3122 pro
1240 3057 1314 3108 vero
1336 3039 1472 3120 ponitur,

211 3140 394 3220 simpliciter
426 3161 500 3204 auro
535 3148 710 3221 corruptam
746 3161 812 3204 esse
847 3142 1012 3222 Tarpeiam
1046 3142 1102 3226 (cf.
1126 3144 1140 3226 §
1163 3143 1184 3204 4
1211 3143 1325 3206 Arcem
1357 3141 1473 3202 scelere

212 3249 347 3321 emptam
372 3241 482 3305 Sabini
504 3240 648 3326 habent).
693 3241 783 3313 Quod
808 3251 913 3304 autem
936 3243 963 3304 is
986 3251 1022 3304 11
1043 3243 1181 3306 fabulam
1206 3243 1346 3306 additam
1363 3240 1472 3315 tradit,

212 3343 396 3424 ambagibus
424 3343 515 3406 simul
545 3361 631 3405 usam
661 3363 728 3406 esse
751 3342 847 3416 illam,
870 3343 900 3405 id
925 3345 990 3406 sine
1013 3345 1079 3406 nlla
1099 3345 1273 3408 variatione
1297 3343 1473 3406 continetur

213 3443 390 3507 narratione
411 3444 533 3507 Valerii
555 3444 686 3506 Maximi
709 3443 738 3518 9,
761 3443 791 3519 6,
815 3444 843 3518 l,
867 3465 926 3525 quo
950 3453 1075 3507 auctore
1098 3447 1196 3509 fretus
1219 3445 1374 3508 Gruterus
1392 3443 1474 3506 »Re-

212 3545 329 3620 stitui»,
356 3544 468 3627 inquit,
497 3545 676 3608 »lectionem
700 3544 835 3607 omnium
860 3547 1119 3621 membranarum,
1142 3547 1276 3608 omnium
1300 3553 1383 3608 11111
1407 3542 1473 3606 adi·

213 3645 348 3708 tionnm:
383 3665 453 3708 nam
488 3645 644 3728 Sigonius,
678 3647 749 3708 dum
783 3647 942 3708 auscultat
970 3646 1137 3722 Glareano,
1159 3648 1324 3710 invexerat
1339 3642 1475 3733 fabula3

213 3747 294 3808 male
327 3755 483 3829 uterque».
527 3747 700 3827 Expulsum
735 3748 792 3809 tali
821 3747 942 3810 ratione
971 3749 1196 3812 nominativum
1219 3769 1274 3811 suo
1297 3748 1362 3810 iure
1385 3765 1475 3808 revo-

214 3856 324 3910 carunt
347 3848 505 3922 Gronovii‚
528 3847 663 3921 Crevier,
686 3848 825 3929 Madvig,
849 3849 911 3910 alii.
956 3850 1082 3912 Addere
1105 3851 1244 3912 dativum
1268 3867 1374 3931 regere
1388 3848 1476 3910 vole-

214 3949 292 4010 bant
322 3949 450 4024 librarii,
478 3969 605 4031 quornm
634 3949 723 4011 multi
749 3951 776 4022 l,
799 3949 849 4024 33,
873 3952 891 4011 2
915 3949 1025 4012 Additi
1049 3951 1148 4014 cidem
1170 3951 1371 4032 scripserunt,
1394 3947 1475 4029 quod

214 4052 374 4131 usquead
397 4050 587 4114 Gronovium
611 4050 725 4112 mansit
747 4050 778 4112 in
803 4051 999 4113 editionibus.

300 4151 349 4225 12,
372 4152 392 4214 3
418 4151 560 4238 fusaque
588 4161 631 4214 111
658 4151 702 4213 ud
730 4161 859 4214 ueterem
883 4163 1012 4236 portum
1034 4152 1166 4216 Palatii.
1210 4154 1246 4215 Iu
1270 4152 1386 4233 proelio
1409 4150 1474 4212 Ro-

215 4252 288 4314 muli
312 4262 344 4315 11
366 4252 451 4315 Tatii
474 4255 513 4314 ad
537 4252 648 4316 clivum
673 4252 884 4334 Capitolinum
909 4255 1070 4317 commisso
1093 4255 1206 4336 singuli
1224 4254 1379 4335 utrimque
1394 4249 1475 4332 πρό-

213 4375 311 4434 μαχοι
344 4353 435 4417 avide
468 4375 501 4416 11
535 4354 696 4416 certamini
730 4354 819 4434 primi
854 4354 1048 4418 obtulerunt:
1083 4357 1122 4418 ab
1150 4355 1299 4419 Romanis
1322 4352 1475 4416 Hostilius

215 4475 349 4536 pugnam
375 4455 486 4531 ciebat,
510 4475 574 4518 rem
596 4455 771 4517 Romanam
794 4455 898 4536 iniquo
923 4457 988 4517 loco
1011 4457 1198 4532 sustinebat,
1221 4458 1318 4518 donec
1335 4473 1477 4534 pugnans

215 4556 335 4619 cecidit.
381 4557 449 4628 Quo
483 4555 567 4619 iacto
601 4558 669 4619 fuso
703 4557 840 4618 exercitu
873 4556 1024 4619 Romulus
1054 4567 1086 4620 et
1113 4558 1190 4638 ipse,
1220 4556 1363 4639 quamvis
1384 4555 1478 4616 turba

216 4657 399 4739 fugientium
435 4665 524 4720 actus
558 4665 651 4731 esset,
685 4657 785 4718 officio
819 4677 874 4718 suo
906 4666 1049 4738 prompto
1082 4660 1183 4721 animo
1213 4659 1338 4720 functus
1361 4663 1422 4718 est:
1447 4664 1479 4718 et

214 4759 282 4838 ipse
315 4777 449 4840 pugnam
484 4759 587 4820 ciebat
619 4777 744 4840 remque
777 4758 951 4820 Romanum
986 4761 1173 4833 sustinebat,
1208 4778 1242 4822 eo
1274 4759 1354 4840 quod
1378 4758 1479 4819 multa

215 4860 319 4927 Iovem
355 4866 512 4946 precatus,
546 4861 633 4926 velut
665 4858 691 4924 si
725 4859 875 4926 1111111111
909 4860 1034 4926 auditas
1067 4880 1185 4946 preces,
1211 4859 1337 4938 affine»,
1365 4858 1477 4946 inquit,
