<?xml version="1.0" encoding="UTF-8"?>
<!DOCTYPE html PUBLIC "-//W3C//DTD XHTML 1.0 Transitional//EN"
    "http://www.w3.org/TR/xhtml1/DTD/xhtml1-transitional.dtd">
<html xmlns="http://www.w3.org/1999/xhtml" xml:lang="en" lang="en">
 <head>
  <title>
</title>
<meta http-equiv="Content-Type" content="text/html;charset=utf-8" />
  <meta name='ocr-system' content='tesseract 3.04.00' />
  <meta name='ocr-capabilities' content='ocr_page ocr_carea ocr_par ocr_line ocrx_word'/>
</head>
<body>
  <div class='ocr_page' id='page_1' title='image "./epilegomenaadtl00friggoog_0099.png"; bbox 0 0 3574 5632; ppageno 0'>
   <div class='ocr_carea' id='block_1_1' title="bbox 372 649 1431 726">
    <p class='ocr_par' dir='ltr' id='par_1_1' title="bbox 372 649 1431 726">
     <span class='ocr_line' id='line_1_1' title="bbox 372 649 1431 726; baseline 0.003 -20"><span class='ocrx_word' id='word_1_1' title='bbox 372 653 389 706; x_wconf 83' lang='grc'><strong>6</strong></span> <span class='ocrx_word' id='word_1_2' title='bbox 562 649 762 726; x_wconf 84' lang='lat' dir='ltr'><strong>Epilegcmena</strong></span> <span class='ocrx_word' id='word_1_3' title='bbox 784 655 821 708; x_wconf 88' lang='lat' dir='ltr'><strong>ad</strong></span> <span class='ocrx_word' id='word_1_4' title='bbox 842 654 874 708; x_wconf 89' lang='grc' dir='ltr'><strong>Τ.</strong></span> <span class='ocrx_word' id='word_1_5' title='bbox 898 653 970 710; x_wconf 84' lang='lat' dir='ltr'><strong>Livii</strong></span> <span class='ocrx_word' id='word_1_6' title='bbox 993 652 1094 708; x_wconf 87' lang='lat' dir='ltr'><strong>librum</strong></span> <span class='ocrx_word' id='word_1_7' title='bbox 1118 653 1277 710; x_wconf 86' lang='lat' dir='ltr'><strong>vicesimum</strong></span> <span class='ocrx_word' id='word_1_8' title='bbox 1300 655 1431 724; x_wconf 88' lang='lat' dir='ltr'><strong>primum.</strong></span> 
     </span>
    </p>
   </div>
   <div class='ocr_carea' id='block_1_2' title="bbox 369 822 1631 4648">
    <p class='ocr_par' dir='ltr' id='par_1_2' title="bbox 370 822 1631 1311">
     <span class='ocr_line' id='line_1_2' title="bbox 372 822 1631 907; baseline 0.001 -21"><span class='ocrx_word' id='word_1_9' title='bbox 372 823 581 895; x_wconf 76' lang='lat' dir='ltr'><strong>Quamobrem</strong></span> <span class='ocrx_word' id='word_1_10' title='bbox 605 822 785 886; x_wconf 92' lang='lat' dir='ltr'><strong>eiectionem</strong></span> <span class='ocrx_word' id='word_1_11' title='bbox 809 822 941 885; x_wconf 89' lang='lat' dir='ltr'><strong>nominis</strong></span> <span class='ocrx_word' id='word_1_12' title='bbox 963 824 994 887; x_wconf 91' lang='lat' dir='ltr'><strong>in</strong></span> <span class='ocrx_word' id='word_1_13' title='bbox 1017 826 1195 907; x_wconf 81' lang='lat' dir='ltr'><strong>religionem</strong></span> <span class='ocrx_word' id='word_1_14' title='bbox 1219 829 1320 890; x_wconf 90' lang='lat' dir='ltr'><strong>traho.</strong></span> <span class='ocrx_word' id='word_1_15' title='bbox 1356 829 1455 890; x_wconf 88' lang='lat' dir='ltr'><strong>Immo</strong></span> <span class='ocrx_word' id='word_1_16' title='bbox 1477 826 1631 889; x_wconf 91' lang='lat' dir='ltr'><strong>restituto</strong></span> 
     </span>
     <span class='ocr_line' id='line_1_3' title="bbox 371 923 1629 1010; baseline 0.001 -23"><span class='ocrx_word' id='word_1_17' title='bbox 371 925 430 988; x_wconf 91' lang='lat' dir='ltr'><strong>hoc</strong></span> <span class='ocrx_word' id='word_1_18' title='bbox 451 925 573 987; x_wconf 91' lang='lat' dir='ltr'><strong>nomine</strong></span> <span class='ocrx_word' id='word_1_19' title='bbox 596 924 679 986; x_wconf 92' lang='lat' dir='ltr'><strong>haud</strong></span> <span class='ocrx_word' id='word_1_20' title='bbox 703 923 766 986; x_wconf 91' lang='lat' dir='ltr'><strong>scio</strong></span> <span class='ocrx_word' id='word_1_21' title='bbox 788 944 827 985; x_wconf 87' lang='lat' dir='ltr'><strong>an</strong></span> <span class='ocrx_word' id='word_1_22' title='bbox 852 925 950 1004; x_wconf 90' lang='lat' dir='ltr'><strong>magis</strong></span> <span class='ocrx_word' id='word_1_23' title='bbox 974 936 1126 1008; x_wconf 86' lang='lat' dir='ltr'><strong>augeatur</strong></span> <span class='ocrx_word' id='word_1_24' title='bbox 1148 948 1239 1010; x_wconf 92' lang='lat' dir='ltr'><strong>quam</strong></span> <span class='ocrx_word' id='word_1_25' title='bbox 1264 929 1629 1008; x_wconf 88' lang='lat' dir='ltr'><strong>minuaturvissequeu-</strong></span> 
     </span>
     <span class='ocr_line' id='line_1_4' title="bbox 370 1023 1631 1109; baseline 0 -21"><span class='ocrx_word' id='word_1_26' title='bbox 370 1025 465 1088; x_wconf 92' lang='lat' dir='ltr'><strong>tium:</strong></span> <span class='ocrx_word' id='word_1_27' title='bbox 501 1025 691 1106; x_wconf 90' lang='lat' dir='ltr'><strong>Saguntinos</strong></span> <span class='ocrx_word' id='word_1_28' title='bbox 714 1059 754 1070; x_wconf 90' lang='lat'><em>-</em></span> <span class='ocrx_word' id='word_1_29' title='bbox 777 1023 953 1105; x_wconf 88' lang='lat' dir='ltr'><strong>Saguntina</strong></span> <span class='ocrx_word' id='word_1_30' title='bbox 982 1027 1149 1090; x_wconf 92' lang='lat' dir='ltr'><strong>clades-</strong></span> <span class='ocrx_word' id='word_1_31' title='bbox 1172 1028 1304 1109; x_wconf 79' lang='lat' dir='ltr'><strong>Sagunti</strong></span> <span class='ocrx_word' id='word_1_32' title='bbox 1334 1029 1451 1092; x_wconf 90' lang='lat' dir='ltr'><strong>ruinae.</strong></span> <span class='ocrx_word' id='word_1_33' title='bbox 1495 1028 1631 1108; x_wconf 87' lang='lat' dir='ltr'><strong>Repeti-</strong></span> 
     </span>
     <span class='ocr_line' id='line_1_5' title="bbox 370 1125 1629 1211; baseline 0.001 -22"><span class='ocrx_word' id='word_1_34' title='bbox 370 1126 471 1190; x_wconf 89' lang='lat' dir='ltr'><strong>tiones</strong></span> <span class='ocrx_word' id='word_1_35' title='bbox 492 1125 713 1188; x_wconf 83' lang='lat' dir='ltr'><strong>vocabulorum</strong></span> <span class='ocrx_word' id='word_1_36' title='bbox 736 1125 821 1186; x_wconf 88' lang='lat' dir='ltr'><strong>brevi</strong></span> <span class='ocrx_word' id='word_1_37' title='bbox 844 1125 1009 1191; x_wconf 88' lang='lat' dir='ltr'><strong>intervallo</strong></span> <span class='ocrx_word' id='word_1_38' title='bbox 1032 1130 1114 1209; x_wconf 91' lang='lat' dir='ltr'><strong>apud</strong></span> <span class='ocrx_word' id='word_1_39' title='bbox 1138 1129 1260 1192; x_wconf 86' lang='lat' dir='ltr'><strong>Livium</strong></span> <span class='ocrx_word' id='word_1_40' title='bbox 1276 1130 1545 1211; x_wconf 82' lang='lat' dir='ltr'><strong>frequentissimas</strong></span> <span class='ocrx_word' id='word_1_41' title='bbox 1558 1147 1629 1191; x_wconf 91' lang='lat' dir='ltr'><strong>esse</strong></span> 
     </span>
     <span class='ocr_line' id='line_1_6' title="bbox 370 1226 1379 1311; baseline 0.002 -21"><span class='ocrx_word' id='word_1_42' title='bbox 370 1234 505 1290; x_wconf 88' lang='lat' dir='ltr'><strong>constat.</strong></span> <span class='ocrx_word' id='word_1_43' title='bbox 549 1227 599 1292; x_wconf 85' lang='lat' dir='ltr'><strong>Cl.</strong></span> <span class='ocrx_word' id='word_1_44' title='bbox 622 1226 846 1307; x_wconf 81' lang='lat' dir='ltr'><strong>Epilegomena</strong></span> <span class='ocrx_word' id='word_1_45' title='bbox 868 1227 908 1288; x_wconf 89' lang='lat' dir='ltr'><strong>ad</strong></span> <span class='ocrx_word' id='word_1_46' title='bbox 930 1227 1011 1290; x_wconf 86' lang='lat' dir='ltr'><strong>Livii</strong></span> <span class='ocrx_word' id='word_1_47' title='bbox 1035 1230 1087 1296; x_wconf 90' lang='lat' dir='ltr'><strong>lib.</strong></span> <span class='ocrx_word' id='word_1_48' title='bbox 1111 1231 1135 1292; x_wconf 91' lang='lat' dir='ltr'><strong>I.</strong></span> <span class='ocrx_word' id='word_1_49' title='bbox 1158 1251 1188 1311; x_wconf 91' lang='lat' dir='ltr'><strong>p.</strong></span> <span class='ocrx_word' id='word_1_50' title='bbox 1211 1229 1252 1294; x_wconf 84' lang='lat'><strong>59</strong></span> <span class='ocrx_word' id='word_1_51' title='bbox 1275 1240 1307 1293; x_wconf 93' lang='lat' dir='ltr'><strong>et</strong></span> <span class='ocrx_word' id='word_1_52' title='bbox 1329 1230 1379 1292; x_wconf 81' lang='grc'><strong>64.</strong></span> 
     </span>
    </p>

    <p class='ocr_par' dir='ltr' id='par_1_3' title="bbox 369 1328 1631 2921">
     <span class='ocr_line' id='line_1_7' title="bbox 454 1328 1627 1414; baseline 0.001 -24"><span class='ocrx_word' id='word_1_53' title='bbox 454 1329 505 1402; x_wconf 89' lang='grc'><strong>20,</strong></span> <span class='ocrx_word' id='word_1_54' title='bbox 528 1328 549 1390; x_wconf 85' lang='grc'><strong>4</strong></span> <span class='ocrx_word' id='word_1_55' title='bbox 571 1337 707 1389; x_wconf 61' lang='lat' dir='ltr'><strong>auctora</strong></span> <span class='ocrx_word' id='word_1_56' title='bbox 729 1328 815 1400; x_wconf 74' lang='lat' dir='ltr'><strong>irasc,</strong></span> <span class='ocrx_word' id='word_1_57' title='bbox 838 1335 960 1391; x_wconf 90' lang='lat' dir='ltr'><strong>vertere</strong></span> <span class='ocrx_word' id='word_1_58' title='bbox 982 1331 1054 1405; x_wconf 88' lang='lat' dir='ltr'><strong>alio,</strong></span> <span class='ocrx_word' id='word_1_59' title='bbox 1078 1351 1169 1412; x_wconf 91' lang='lat' dir='ltr'><strong>quam</strong></span> <span class='ocrx_word' id='word_1_60' title='bbox 1194 1351 1253 1414; x_wconf 91' lang='lat' dir='ltr'><strong>quo</strong></span> <span class='ocrx_word' id='word_1_61' title='bbox 1276 1331 1477 1413; x_wconf 76' lang='lat' dir='ltr'><strong>dirigebatur,</strong></span> <span class='ocrx_word' id='word_1_62' title='bbox 1500 1338 1533 1393; x_wconf 91' lang='lat' dir='ltr'><strong>et</strong></span> <span class='ocrx_word' id='word_1_63' title='bbox 1555 1329 1627 1411; x_wconf 91' lang='lat' dir='ltr'><strong>qui-</strong></span> 
     </span>
     <span class='ocr_line' id='line_1_8' title="bbox 371 1428 1631 1514; baseline 0.001 -24"><span class='ocrx_word' id='word_1_64' title='bbox 371 1431 439 1491; x_wconf 94' lang='lat' dir='ltr'><strong>dem</strong></span> <span class='ocrx_word' id='word_1_65' title='bbox 463 1429 495 1490; x_wconf 95' lang='lat' dir='ltr'><strong>in</strong></span> <span class='ocrx_word' id='word_1_66' title='bbox 514 1436 614 1491; x_wconf 90' lang='lat' dir='ltr'><strong>semet</strong></span> <span class='ocrx_word' id='word_1_67' title='bbox 634 1429 728 1508; x_wconf 88' lang='lat' dir='ltr'><strong>ipsos.</strong></span> <span class='ocrx_word' id='word_1_68' title='bbox 773 1428 902 1490; x_wconf 76' lang='lat' dir='ltr'><strong>Codices</strong></span> <span class='ocrx_word' id='word_1_69' title='bbox 925 1430 1094 1505; x_wconf 81' lang='lat' dir='ltr'><strong>aduertere,</strong></span> <span class='ocrx_word' id='word_1_70' title='bbox 1116 1433 1197 1514; x_wconf 90' lang='lat' dir='ltr'><strong>qued</strong></span> <span class='ocrx_word' id='word_1_71' title='bbox 1219 1433 1250 1494; x_wconf 93' lang='lat' dir='ltr'><strong>in</strong></span> <span class='ocrx_word' id='word_1_72' title='bbox 1275 1433 1323 1494; x_wconf 89' lang='lat' dir='ltr'><strong>ed.</strong></span> <span class='ocrx_word' id='word_1_73' title='bbox 1346 1433 1375 1494; x_wconf 89' lang='grc'><strong>3.</strong></span> <span class='ocrx_word' id='word_1_74' title='bbox 1398 1434 1495 1494; x_wconf 91' lang='lat' dir='ltr'><strong>tacite</strong></span> <span class='ocrx_word' id='word_1_75' title='bbox 1509 1431 1631 1511; x_wconf 89' lang='lat' dir='ltr'><strong>recepit</strong></span> 
     </span>
     <span class='ocr_line' id='line_1_9' title="bbox 369 1529 1627 1614; baseline 0.003 -24"><span class='ocrx_word' id='word_1_76' title='bbox 369 1530 455 1610; x_wconf 88' lang='lat' dir='ltr'><strong>Mvg.</strong></span> <span class='ocrx_word' id='word_1_77' title='bbox 499 1529 581 1592; x_wconf 88' lang='lat' dir='ltr'><strong>Sunt</strong></span> <span class='ocrx_word' id='word_1_78' title='bbox 603 1529 633 1590; x_wconf 93' lang='lat' dir='ltr'><strong>in</strong></span> <span class='ocrx_word' id='word_1_79' title='bbox 658 1529 716 1591; x_wconf 92' lang='lat' dir='ltr'><strong>hac</strong></span> <span class='ocrx_word' id='word_1_80' title='bbox 737 1549 770 1590; x_wconf 91' lang='lat' dir='ltr'><strong>re</strong></span> <span class='ocrx_word' id='word_1_81' title='bbox 794 1549 910 1608; x_wconf 90' lang='lat' dir='ltr'><strong>parvae</strong></span> <span class='ocrx_word' id='word_1_82' title='bbox 932 1532 1003 1594; x_wconf 88' lang='lat' dir='ltr'><strong>fidei</strong></span> <span class='ocrx_word' id='word_1_83' title='bbox 1027 1533 1157 1607; x_wconf 90' lang='lat' dir='ltr'><strong>codices,</strong></span> <span class='ocrx_word' id='word_1_84' title='bbox 1181 1535 1232 1614; x_wconf 92' lang='lat' dir='ltr'><strong>qui</strong></span> <span class='ocrx_word' id='word_1_85' title='bbox 1255 1552 1349 1613; x_wconf 90' lang='lat' dir='ltr'><strong>saepe</strong></span> <span class='ocrx_word' id='word_1_86' title='bbox 1372 1534 1451 1596; x_wconf 83' lang='lat' dir='ltr'><strong>salso</strong></span> <span class='ocrx_word' id='word_1_87' title='bbox 1474 1533 1545 1598; x_wconf 86' lang='lat' dir='ltr'><strong>cdo.</strong></span> <span class='ocrx_word' id='word_1_88' title='bbox 1571 1552 1627 1612; x_wconf 93' lang='lat' dir='ltr'><strong>pro</strong></span> 
     </span>
     <span class='ocr_line' id='line_1_10' title="bbox 370 1629 1627 1709; baseline 0.002 -18"><span class='ocrx_word' id='word_1_89' title='bbox 370 1651 419 1696; x_wconf 82' lang='lat' dir='ltr'><strong>aa.</strong></span> <span class='ocrx_word' id='word_1_90' title='bbox 442 1630 474 1692; x_wconf 92' lang='lat' dir='ltr'><strong>in</strong></span> <span class='ocrx_word' id='word_1_91' title='bbox 497 1631 659 1692; x_wconf 86' lang='lat' dir='ltr'><strong>verborum</strong></span> <span class='ocrx_word' id='word_1_92' title='bbox 682 1629 771 1692; x_wconf 91' lang='lat' dir='ltr'><strong>initio</strong></span> <span class='ocrx_word' id='word_1_93' title='bbox 794 1631 956 1709; x_wconf 82' lang='lat' dir='ltr'><strong>praebent,</strong></span> <span class='ocrx_word' id='word_1_94' title='bbox 979 1634 1066 1695; x_wconf 90' lang='lat' dir='ltr'><strong>velut</strong></span> <span class='ocrx_word' id='word_1_95' title='bbox 1091 1635 1117 1707; x_wconf 91' lang='lat' dir='ltr'><strong>l,</strong></span> <span class='ocrx_word' id='word_1_96' title='bbox 1140 1633 1212 1707; x_wconf 82' lang='grc'>28,5</span> <span class='ocrx_word' id='word_1_97' title='bbox 1236 1635 1460 1708; x_wconf 78' lang='lat' dir='ltr'><strong>adverteretur,</strong></span> <span class='ocrx_word' id='word_1_98' title='bbox 1484 1637 1513 1708; x_wconf 86' lang='lat'><strong>2,</strong></span> <span class='ocrx_word' id='word_1_99' title='bbox 1536 1631 1627 1706; x_wconf 90' lang='lat' dir='ltr'><strong>3l‚6</strong></span> 
     </span>
     <span class='ocr_line' id='line_1_11' title="bbox 370 1725 1628 1819; baseline 0.002 -27"><span class='ocrx_word' id='word_1_100' title='bbox 370 1733 528 1794; x_wconf 86' lang='lat' dir='ltr'><strong>adversas.</strong></span> <span class='ocrx_word' id='word_1_101' title='bbox 571 1731 668 1794; x_wconf 88' lang='lat' dir='ltr'><strong>Recte</strong></span> <span class='ocrx_word' id='word_1_102' title='bbox 691 1730 836 1792; x_wconf 84' lang='lat' dir='ltr'><strong>scribitur</strong></span> <span class='ocrx_word' id='word_1_103' title='bbox 863 1725 915 1805; x_wconf 78' lang='lat'><strong>37,</strong></span> <span class='ocrx_word' id='word_1_104' title='bbox 937 1731 966 1808; x_wconf 90' lang='grc'><strong>9,</strong></span> <span class='ocrx_word' id='word_1_105' title='bbox 990 1729 1009 1794; x_wconf 83' lang='grc'>7</span> <span class='ocrx_word' id='word_1_106' title='bbox 1031 1735 1067 1796; x_wconf 93' lang='lat' dir='ltr'><strong>In</strong></span> <span class='ocrx_word' id='word_1_107' title='bbox 1091 1743 1226 1819; x_wconf 86' lang='lat' dir='ltr'><strong>portum,</strong></span> <span class='ocrx_word' id='word_1_108' title='bbox 1249 1753 1339 1816; x_wconf 90' lang='lat' dir='ltr'><strong>quem</strong></span> <span class='ocrx_word' id='word_1_109' title='bbox 1362 1742 1477 1796; x_wconf 88' lang='lat' dir='ltr'><strong>vocant</strong></span> <span class='ocrx_word' id='word_1_110' title='bbox 1498 1734 1628 1797; x_wconf 86' lang='lat' dir='ltr'><strong>Achae-</strong></span> 
     </span>
     <span class='ocr_line' id='line_1_12' title="bbox 370 1831 1628 1911; baseline 0.001 -18"><span class='ocrx_word' id='word_1_111' title='bbox 370 1851 466 1906; x_wconf 92' lang='lat' dir='ltr'><strong>orum,</strong></span> <span class='ocrx_word' id='word_1_112' title='bbox 500 1832 630 1894; x_wconf 78' lang='lat' dir='ltr'><strong>classem</strong></span> <span class='ocrx_word' id='word_1_113' title='bbox 667 1831 798 1911; x_wconf 83' lang='lat' dir='ltr'><strong>primunr</strong></span> <span class='ocrx_word' id='word_1_114' title='bbox 833 1833 1029 1910; x_wconf 84' lang='lat' dir='ltr'><strong>advertit3</strong></span> <span class='ocrx_word' id='word_1_115' title='bbox 1063 1835 1142 1898; x_wconf 89' lang='lat' dir='ltr'><strong>lalso</strong></span> <span class='ocrx_word' id='word_1_116' title='bbox 1177 1843 1281 1897; x_wconf 90' lang='lat' dir='ltr'><strong>autem</strong></span> <span class='ocrx_word' id='word_1_117' title='bbox 1305 1855 1344 1897; x_wconf 86' lang='lat' dir='ltr'><strong>ex</strong></span> <span class='ocrx_word' id='word_1_118' title='bbox 1367 1837 1435 1898; x_wconf 90' lang='lat' dir='ltr'><strong>cdd.</strong></span> <span class='ocrx_word' id='word_1_119' title='bbox 1458 1836 1510 1910; x_wconf 90' lang='grc'><strong>21,</strong></span> <span class='ocrx_word' id='word_1_120' title='bbox 1532 1833 1628 1908; x_wconf 86' lang='grc'>49,2</span> 
     </span>
     <span class='ocr_line' id='line_1_13' title="bbox 371 1933 1628 2017; baseline 0.002 -23"><span class='ocrx_word' id='word_1_121' title='bbox 371 1942 435 1994; x_wconf 89' lang='lat' dir='ltr'><strong>tres</strong></span> <span class='ocrx_word' id='word_1_122' title='bbox 457 1933 570 2015; x_wconf 89' lang='lat' dir='ltr'><strong>(naves</strong></span> <span class='ocrx_word' id='word_1_123' title='bbox 593 1933 632 1995; x_wconf 92' lang='lat' dir='ltr'><strong>ad</strong></span> <span class='ocrx_word' id='word_1_124' title='bbox 662 1933 910 2012; x_wconf 80' lang='lat' dir='ltr'><strong>depopulandam</strong></span> <span class='ocrx_word' id='word_1_125' title='bbox 934 1954 1018 1997; x_wconf 90' lang='lat' dir='ltr'><strong>oram</strong></span> <span class='ocrx_word' id='word_1_126' title='bbox 1041 1935 1154 1998; x_wconf 91' lang='lat' dir='ltr'><strong>Italiae</strong></span> <span class='ocrx_word' id='word_1_127' title='bbox 1176 1956 1196 1996; x_wconf 93' lang='lat' dir='ltr'><strong>a</strong></span> <span class='ocrx_word' id='word_1_128' title='bbox 1218 1936 1528 2017; x_wconf 83' lang='lat' dir='ltr'><strong>Carthaginiensibus</strong></span> <span class='ocrx_word' id='word_1_129' title='bbox 1553 1937 1628 1997; x_wconf 90' lang='lat' dir='ltr'><strong>mis-</strong></span> 
     </span>
     <span class='ocr_line' id='line_1_14' title="bbox 371 2032 1626 2118; baseline 0.002 -23"><span class='ocrx_word' id='word_1_130' title='bbox 371 2032 439 2118; x_wconf 86' lang='lat' dir='ltr'><strong>sas)</strong></span> <span class='ocrx_word' id='word_1_131' title='bbox 471 2033 503 2095; x_wconf 94' lang='lat' dir='ltr'><strong>in</strong></span> <span class='ocrx_word' id='word_1_132' title='bbox 536 2035 649 2096; x_wconf 85' lang='lat' dir='ltr'><strong>fretum</strong></span> <span class='ocrx_word' id='word_1_133' title='bbox 679 2033 859 2095; x_wconf 90' lang='lat' dir='ltr'><strong>advertit</strong></span> <span class='ocrx_word' id='word_1_134' title='bbox 877 2043 993 2098; x_wconf 89' lang='lat' dir='ltr'><strong>aestus.</strong></span> <span class='ocrx_word' id='word_1_135' title='bbox 1039 2038 1098 2098; x_wconf 82' lang='lat' dir='ltr'><strong>Est</strong></span> <span class='ocrx_word' id='word_1_136' title='bbox 1120 2037 1199 2099; x_wconf 87' lang='lat' dir='ltr'><strong>enim</strong></span> <span class='ocrx_word' id='word_1_137' title='bbox 1223 2037 1382 2100; x_wconf 81' lang='lat' dir='ltr'><strong>advertere</strong></span> <span class='ocrx_word' id='word_1_138' title='bbox 1403 2039 1529 2100; x_wconf 88' lang='lat' dir='ltr'><strong>flectere</strong></span> <span class='ocrx_word' id='word_1_139' title='bbox 1554 2036 1626 2118; x_wconf 90' lang='lat' dir='ltr'><strong>alqd</strong></span> 
     </span>
     <span class='ocr_line' id='line_1_15' title="bbox 371 2134 1627 2215; baseline 0.002 -19"><span class='ocrx_word' id='word_1_140' title='bbox 371 2134 484 2215; x_wconf 91' lang='lat' dir='ltr'><strong>aliquo,</strong></span> <span class='ocrx_word' id='word_1_141' title='bbox 519 2143 655 2197; x_wconf 68' lang='lat' dir='ltr'><strong>avertam</strong></span> <span class='ocrx_word' id='word_1_142' title='bbox 688 2140 791 2196; x_wconf 87' lang='lat' dir='ltr'><strong>autern</strong></span> <span class='ocrx_word' id='word_1_143' title='bbox 826 2135 864 2196; x_wconf 90' lang='lat' dir='ltr'><strong>de</strong></span> <span class='ocrx_word' id='word_1_144' title='bbox 887 2136 938 2197; x_wconf 90' lang='lat' dir='ltr'><strong>via</strong></span> <span class='ocrx_word' id='word_1_145' title='bbox 966 2137 1113 2200; x_wconf 91' lang='lat' dir='ltr'><strong>instituta</strong></span> <span class='ocrx_word' id='word_1_146' title='bbox 1134 2139 1165 2200; x_wconf 92' lang='lat' dir='ltr'><strong>iu</strong></span> <span class='ocrx_word' id='word_1_147' title='bbox 1189 2138 1282 2200; x_wconf 91' lang='lat' dir='ltr'><strong>alium</strong></span> <span class='ocrx_word' id='word_1_148' title='bbox 1307 2158 1428 2200; x_wconf 88' lang='lat' dir='ltr'><strong>cursum</strong></span> <span class='ocrx_word' id='word_1_149' title='bbox 1451 2138 1627 2202; x_wconf 86' lang='lat' dir='ltr'><strong>deflectere.</strong></span> 
     </span>
     <span class='ocr_line' id='line_1_16' title="bbox 370 2235 1626 2319; baseline 0.003 -23"><span class='ocrx_word' id='word_1_150' title='bbox 370 2235 491 2315; x_wconf 90' lang='lat' dir='ltr'><strong>Itaque,</strong></span> <span class='ocrx_word' id='word_1_151' title='bbox 525 2243 560 2297; x_wconf 90' lang='lat' dir='ltr'><strong>ut</strong></span> <span class='ocrx_word' id='word_1_152' title='bbox 593 2254 650 2316; x_wconf 91' lang='lat' dir='ltr'><strong>par</strong></span> <span class='ocrx_word' id='word_1_153' title='bbox 683 2241 741 2308; x_wconf 88' lang='lat' dir='ltr'><strong>est,</strong></span> <span class='ocrx_word' id='word_1_154' title='bbox 774 2242 882 2298; x_wconf 90' lang='lat' dir='ltr'><strong>centra</strong></span> <span class='ocrx_word' id='word_1_155' title='bbox 915 2239 983 2301; x_wconf 92' lang='lat' dir='ltr'><strong>cdd.</strong></span> <span class='ocrx_word' id='word_1_156' title='bbox 1017 2246 1083 2300; x_wconf 93' lang='lat' dir='ltr'><strong>tum</strong></span> <span class='ocrx_word' id='word_1_157' title='bbox 1106 2238 1149 2301; x_wconf 90' lang='lat' dir='ltr'><strong>ibi</strong></span> <span class='ocrx_word' id='word_1_158' title='bbox 1172 2258 1278 2301; x_wconf 88' lang='lat' dir='ltr'><strong>omnes</strong></span> <span class='ocrx_word' id='word_1_159' title='bbox 1301 2241 1364 2301; x_wconf 87' lang='lat' dir='ltr'><strong>fere</strong></span> <span class='ocrx_word' id='word_1_160' title='bbox 1388 2247 1512 2319; x_wconf 88' lang='lat' dir='ltr'><strong>praeter</strong></span> <span class='ocrx_word' id='word_1_161' title='bbox 1534 2238 1626 2302; x_wconf 85' lang='lat' dir='ltr'><strong>st.</strong></span> 
     </span>
     <span class='ocr_line' id='line_1_17' title="bbox 370 2335 1626 2421; baseline 0.002 -24"><span class='ocrx_word' id='word_1_162' title='bbox 370 2335 418 2398; x_wconf 81' lang='lat' dir='ltr'><strong>«in</strong></span> <span class='ocrx_word' id='word_1_163' title='bbox 448 2337 561 2398; x_wconf 80' lang='lat' dir='ltr'><strong>fretum</strong></span> <span class='ocrx_word' id='word_1_164' title='bbox 586 2336 701 2399; x_wconf 89' lang='lat' dir='ltr'><strong>avertit</strong></span> <span class='ocrx_word' id='word_1_165' title='bbox 723 2344 847 2398; x_wconf 87' lang='lat' dir='ltr'><strong>aestus»</strong></span> <span class='ocrx_word' id='word_1_166' title='bbox 870 2338 1028 2414; x_wconf 86' lang='lat' dir='ltr'><strong>exhibent,</strong></span> <span class='ocrx_word' id='word_1_167' title='bbox 1051 2347 1118 2401; x_wconf 91' lang='lat' dir='ltr'><strong>tum</strong></span> <span class='ocrx_word' id='word_1_168' title='bbox 1142 2360 1176 2402; x_wconf 91' lang='lat' dir='ltr'><strong>eo</strong></span> <span class='ocrx_word' id='word_1_169' title='bbox 1195 2341 1273 2413; x_wconf 90' lang='lat' dir='ltr'><strong>locu,</strong></span> <span class='ocrx_word' id='word_1_170' title='bbox 1296 2341 1347 2421; x_wconf 93' lang='lat' dir='ltr'><strong>qui</strong></span> <span class='ocrx_word' id='word_1_171' title='bbox 1370 2341 1470 2414; x_wconf 90' lang='lat' dir='ltr'><strong>adest,</strong></span> <span class='ocrx_word' id='word_1_172' title='bbox 1494 2347 1626 2420; x_wconf 86' lang='lat' dir='ltr'><strong>excepto</strong></span> 
     </span>
     <span class='ocr_line' id='line_1_18' title="bbox 371 2436 1626 2522; baseline 0.002 -23"><span class='ocrx_word' id='word_1_173' title='bbox 371 2436 529 2518; x_wconf 84' lang='lat' dir='ltr'><strong>Madvigio</strong></span> <span class='ocrx_word' id='word_1_174' title='bbox 563 2437 670 2518; x_wconf 89' lang='lat' dir='ltr'><strong>legunt</strong></span> <span class='ocrx_word' id='word_1_175' title='bbox 703 2438 804 2517; x_wconf 88' lang='lat' dir='ltr'><strong>«ipsos</strong></span> <span class='ocrx_word' id='word_1_176' title='bbox 832 2438 863 2499; x_wconf 93' lang='lat' dir='ltr'><strong>id</strong></span> <span class='ocrx_word' id='word_1_177' title='bbox 887 2448 1027 2503; x_wconf 89' lang='lat' dir='ltr'><strong>avertere</strong></span> <span class='ocrx_word' id='word_1_178' title='bbox 1049 2441 1080 2502; x_wconf 92' lang='lat' dir='ltr'><strong>iu</strong></span> <span class='ocrx_word' id='word_1_179' title='bbox 1104 2461 1165 2515; x_wconf 86' lang='lat' dir='ltr'><strong>se»,</strong></span> <span class='ocrx_word' id='word_1_180' title='bbox 1191 2441 1344 2522; x_wconf 91' lang='lat' dir='ltr'><strong>quianon</strong></span> <span class='ocrx_word' id='word_1_181' title='bbox 1368 2443 1406 2502; x_wconf 92' lang='lat' dir='ltr'><strong>de</strong></span> <span class='ocrx_word' id='word_1_182' title='bbox 1429 2441 1626 2522; x_wconf 82' lang='lat' dir='ltr'><strong>aggressione</strong></span> 
     </span>
     <span class='ocr_line' id='line_1_19' title="bbox 371 2537 1626 2624; baseline 0.002 -24"><span class='ocrx_word' id='word_1_183' title='bbox 371 2537 675 2624; x_wconf 78' lang='lat' dir='ltr'><strong>Carthaginiensium</strong></span> <span class='ocrx_word' id='word_1_184' title='bbox 709 2537 842 2619; x_wconf 91' lang='lat' dir='ltr'><strong>primum</strong></span> <span class='ocrx_word' id='word_1_185' title='bbox 876 2541 1047 2621; x_wconf 89' lang='lat' dir='ltr'><strong>dirigenda,</strong></span> <span class='ocrx_word' id='word_1_186' title='bbox 1081 2543 1134 2603; x_wconf 88' lang='lat' dir='ltr'><strong>sed</strong></span> <span class='ocrx_word' id='word_1_187' title='bbox 1164 2542 1201 2604; x_wconf 92' lang='lat' dir='ltr'><strong>de</strong></span> <span class='ocrx_word' id='word_1_188' title='bbox 1225 2561 1263 2603; x_wconf 92' lang='lat' dir='ltr'><strong>ea</strong></span> <span class='ocrx_word' id='word_1_189' title='bbox 1283 2543 1345 2603; x_wconf 90' lang='lat' dir='ltr'><strong>iam</strong></span> <span class='ocrx_word' id='word_1_190' title='bbox 1369 2541 1543 2603; x_wconf 90' lang='lat' dir='ltr'><strong>constituta</strong></span> <span class='ocrx_word' id='word_1_191' title='bbox 1566 2541 1626 2603; x_wconf 91' lang='lat' dir='ltr'><strong>alio</strong></span> 
     </span>
     <span class='ocr_line' id='line_1_20' title="bbox 372 2638 1627 2723; baseline 0.004 -24"><span class='ocrx_word' id='word_1_192' title='bbox 372 2638 526 2702; x_wconf 88' lang='lat' dir='ltr'><strong>flectenda</strong></span> <span class='ocrx_word' id='word_1_193' title='bbox 548 2640 689 2722; x_wconf 89' lang='lat' dir='ltr'><strong>quaestio</strong></span> <span class='ocrx_word' id='word_1_194' title='bbox 712 2647 770 2714; x_wconf 91' lang='lat' dir='ltr'><strong>est,</strong></span> <span class='ocrx_word' id='word_1_195' title='bbox 792 2638 885 2722; x_wconf 91' lang='lat' dir='ltr'><strong>idque</strong></span> <span class='ocrx_word' id='word_1_196' title='bbox 907 2642 963 2716; x_wconf 89' lang='lat' dir='ltr'><strong>ita,</strong></span> <span class='ocrx_word' id='word_1_197' title='bbox 986 2650 1031 2715; x_wconf 91' lang='lat' dir='ltr'><strong>ut,</strong></span> <span class='ocrx_word' id='word_1_198' title='bbox 1054 2643 1135 2723; x_wconf 91' lang='lat' dir='ltr'><strong>quod</strong></span> <span class='ocrx_word' id='word_1_199' title='bbox 1158 2643 1294 2723; x_wconf 80' lang='lat' dir='ltr'><strong>effugere</strong></span> <span class='ocrx_word' id='word_1_200' title='bbox 1317 2642 1403 2706; x_wconf 88' lang='lat' dir='ltr'><strong>Galli</strong></span> <span class='ocrx_word' id='word_1_201' title='bbox 1425 2649 1554 2722; x_wconf 89' lang='lat' dir='ltr'><strong>possent</strong></span> <span class='ocrx_word' id='word_1_202' title='bbox 1572 2662 1627 2722; x_wconf 90' lang='lat' dir='ltr'><strong>pe-</strong></span> 
     </span>
     <span class='ocr_line' id='line_1_21' title="bbox 371 2739 1628 2824; baseline 0.002 -23"><span class='ocrx_word' id='word_1_203' title='bbox 371 2739 512 2814; x_wconf 91' lang='lat' dir='ltr'><strong>riculum,</strong></span> <span class='ocrx_word' id='word_1_204' title='bbox 544 2741 570 2802; x_wconf 91' lang='lat' dir='ltr'><strong>si</strong></span> <span class='ocrx_word' id='word_1_205' title='bbox 604 2760 671 2803; x_wconf 91' lang='lat' dir='ltr'><strong>cum</strong></span> <span class='ocrx_word' id='word_1_206' title='bbox 702 2741 783 2803; x_wconf 91' lang='lat' dir='ltr'><strong>bena</strong></span> <span class='ocrx_word' id='word_1_207' title='bbox 805 2761 881 2821; x_wconf 91' lang='lat' dir='ltr'><strong>pace</strong></span> <span class='ocrx_word' id='word_1_208' title='bbox 905 2743 1072 2805; x_wconf 86' lang='lat' dir='ltr'><strong>exercitum</strong></span> <span class='ocrx_word' id='word_1_209' title='bbox 1096 2744 1249 2824; x_wconf 88' lang='lat' dir='ltr'><strong>perfines</strong></span> <span class='ocrx_word' id='word_1_210' title='bbox 1272 2763 1343 2806; x_wconf 91' lang='lat' dir='ltr'><strong>suos</strong></span> <span class='ocrx_word' id='word_1_211' title='bbox 1367 2743 1628 2816; x_wconf 86' lang='lat' dir='ltr'><strong>transmitterent,</strong></span> 
     </span>
     <span class='ocr_line' id='line_1_22' title="bbox 373 2840 740 2921; baseline 0.005 -19"><span class='ocrx_word' id='word_1_212' title='bbox 373 2840 400 2902; x_wconf 91' lang='lat' dir='ltr'><strong>ei</strong></span> <span class='ocrx_word' id='word_1_213' title='bbox 423 2841 538 2921; x_wconf 89' lang='lat' dir='ltr'><strong>seipsi</strong></span> <span class='ocrx_word' id='word_1_214' title='bbox 561 2841 740 2904; x_wconf 87' lang='lat' dir='ltr'><strong>obiicereut.</strong></span> 
     </span>
    </p>

    <p class='ocr_par' dir='ltr' id='par_1_4' title="bbox 372 2941 1626 3531">
     <span class='ocr_line' id='line_1_23' title="bbox 455 2941 1626 3027; baseline 0.003 -24"><span class='ocrx_word' id='word_1_215' title='bbox 455 2943 507 3016; x_wconf 89' lang='lat'><strong>20,</strong></span> <span class='ocrx_word' id='word_1_216' title='bbox 528 2941 549 3004; x_wconf 83' lang='lat'><strong>9</strong></span> <span class='ocrx_word' id='word_1_217' title='bbox 571 2943 744 3005; x_wconf 80' lang='lat' dir='ltr'><strong>tramisisse</strong></span> <span class='ocrx_word' id='word_1_218' title='bbox 765 2943 865 3022; x_wconf 88' lang='lat' dir='ltr'><strong>prima</strong></span> <span class='ocrx_word' id='word_1_219' title='bbox 888 2945 1043 3025; x_wconf 90' lang='lat' dir='ltr'><strong>scriptura</strong></span> <span class='ocrx_word' id='word_1_220' title='bbox 1065 2952 1114 3007; x_wconf 88' lang='lat' dir='ltr'><strong>est</strong></span> <span class='ocrx_word' id='word_1_221' title='bbox 1135 2945 1299 3019; x_wconf 89' lang='lat' dir='ltr'><strong>Puteauei,</strong></span> <span class='ocrx_word' id='word_1_222' title='bbox 1322 2945 1408 3007; x_wconf 90' lang='lat' dir='ltr'><strong>cuius</strong></span> <span class='ocrx_word' id='word_1_223' title='bbox 1431 2946 1564 3027; x_wconf 92' lang='lat' dir='ltr'><strong>primum</strong></span> <span class='ocrx_word' id='word_1_224' title='bbox 1579 2946 1626 3006; x_wconf 85' lang='lat' dir='ltr'><strong>io-</strong></span> 
     </span>
     <span class='ocr_line' id='line_1_24' title="bbox 372 3041 1625 3126; baseline 0.003 -23"><span class='ocrx_word' id='word_1_225' title='bbox 372 3041 447 3104; x_wconf 91' lang='lat' dir='ltr'><strong>lium</strong></span> <span class='ocrx_word' id='word_1_226' title='bbox 481 3043 571 3105; x_wconf 92' lang='lat' dir='ltr'><strong>modo</strong></span> <span class='ocrx_word' id='word_1_227' title='bbox 603 3043 729 3124; x_wconf 85' lang='lat' dir='ltr'><strong>incepit,</strong></span> <span class='ocrx_word' id='word_1_228' title='bbox 752 3052 857 3106; x_wconf 90' lang='lat' dir='ltr'><strong>tamen</strong></span> <span class='ocrx_word' id='word_1_229' title='bbox 880 3045 1008 3108; x_wconf 90' lang='lat' dir='ltr'><strong>dubium</strong></span> <span class='ocrx_word' id='word_1_230' title='bbox 1032 3053 1081 3108; x_wconf 92' lang='lat' dir='ltr'><strong>est</strong></span> <span class='ocrx_word' id='word_1_231' title='bbox 1103 3053 1135 3108; x_wconf 90' lang='lat' dir='ltr'><strong>et</strong></span> <span class='ocrx_word' id='word_1_232' title='bbox 1157 3055 1326 3126; x_wconf 83' lang='lat' dir='ltr'><strong>proptera</strong></span> <span class='ocrx_word' id='word_1_233' title='bbox 1348 3065 1444 3126; x_wconf 88' lang='lat' dir='ltr'><strong>snpra</strong></span> <span class='ocrx_word' id='word_1_234' title='bbox 1466 3068 1518 3108; x_wconf 87' lang='lat' dir='ltr'><strong>am</strong></span> <span class='ocrx_word' id='word_1_235' title='bbox 1541 3046 1625 3109; x_wconf 92' lang='lat' dir='ltr'><strong>anti-</strong></span> 
     </span>
     <span class='ocr_line' id='line_1_25' title="bbox 373 3145 1626 3228; baseline 0.004 -23"><span class='ocrx_word' id='word_1_236' title='bbox 373 3162 434 3223; x_wconf 92' lang='lat' dir='ltr'><strong>qua</strong></span> <span class='ocrx_word' id='word_1_237' title='bbox 456 3162 549 3206; x_wconf 90' lang='lat' dir='ltr'><strong>manu</strong></span> <span class='ocrx_word' id='word_1_238' title='bbox 572 3145 706 3224; x_wconf 85' lang='lat' dir='ltr'><strong>positum</strong></span> <span class='ocrx_word' id='word_1_239' title='bbox 730 3153 762 3206; x_wconf 91' lang='lat' dir='ltr'><strong>et</strong></span> <span class='ocrx_word' id='word_1_240' title='bbox 784 3147 865 3227; x_wconf 93' lang='lat' dir='ltr'><strong>quod</strong></span> <span class='ocrx_word' id='word_1_241' title='bbox 889 3147 949 3210; x_wconf 91' lang='lat' dir='ltr'><strong>CM</strong></span> <span class='ocrx_word' id='word_1_242' title='bbox 971 3154 1066 3228; x_wconf 90' lang='lat' dir='ltr'><strong>atque</strong></span> <span class='ocrx_word' id='word_1_243' title='bbox 1089 3167 1194 3210; x_wconf 90' lang='lat' dir='ltr'><strong>omues</strong></span> <span class='ocrx_word' id='word_1_244' title='bbox 1217 3155 1290 3210; x_wconf 89' lang='lat' dir='ltr'><strong>ante</strong></span> <span class='ocrx_word' id='word_1_245' title='bbox 1313 3146 1408 3211; x_wconf 84' lang='lat' dir='ltr'><strong>Gron.</strong></span> <span class='ocrx_word' id='word_1_246' title='bbox 1433 3149 1502 3210; x_wconf 90' lang='lat' dir='ltr'><strong>edd.</strong></span> <span class='ocrx_word' id='word_1_247' title='bbox 1520 3158 1626 3210; x_wconf 81' lang='lat' dir='ltr'><strong>truns-</strong></span> 
     </span>
     <span class='ocr_line' id='line_1_26' title="bbox 372 3245 1626 3334; baseline 0.004 -28"><span class='ocrx_word' id='word_1_248' title='bbox 372 3245 433 3306; x_wconf 80' lang='lat' dir='ltr'><strong>s&#39;sss</strong></span> <span class='ocrx_word' id='word_1_249' title='bbox 454 3252 563 3308; x_wconf 91' lang='lat' dir='ltr'><strong>teuent</strong></span> <span class='ocrx_word' id='word_1_250' title='bbox 586 3253 618 3308; x_wconf 90' lang='lat' dir='ltr'><strong>et</strong></span> <span class='ocrx_word' id='word_1_251' title='bbox 640 3248 719 3327; x_wconf 92' lang='lat' dir='ltr'><strong>quod</strong></span> <span class='ocrx_word' id='word_1_252' title='bbox 743 3247 807 3309; x_wconf 86' lang='lat' dir='ltr'><strong>lere</strong></span> <span class='ocrx_word' id='word_1_253' title='bbox 830 3267 952 3328; x_wconf 89' lang='lat' dir='ltr'><strong>semper</strong></span> <span class='ocrx_word' id='word_1_254' title='bbox 974 3249 1012 3310; x_wconf 90' lang='lat' dir='ltr'><strong>de</strong></span> <span class='ocrx_word' id='word_1_255' title='bbox 1036 3249 1113 3312; x_wconf 92' lang='lat' dir='ltr'><strong>mari</strong></span> <span class='ocrx_word' id='word_1_256' title='bbox 1136 3247 1212 3334; x_wconf 88' lang='lat' dir='ltr'><strong>(non</strong></span> <span class='ocrx_word' id='word_1_257' title='bbox 1236 3250 1274 3311; x_wconf 91' lang='lat' dir='ltr'><strong>de</strong></span> <span class='ocrx_word' id='word_1_258' title='bbox 1296 3248 1491 3334; x_wconf 89' lang='lat' dir='ltr'><strong>fluminibus)</strong></span> <span class='ocrx_word' id='word_1_259' title='bbox 1513 3249 1543 3310; x_wconf 90' lang='lat' dir='ltr'><strong>in</strong></span> <span class='ocrx_word' id='word_1_260' title='bbox 1568 3269 1626 3311; x_wconf 88' lang='lat' dir='ltr'><strong>usu</strong></span> 
     </span>
     <span class='ocr_line' id='line_1_27' title="bbox 373 3343 1625 3432; baseline 0.002 -22"><span class='ocrx_word' id='word_1_261' title='bbox 373 3353 422 3410; x_wconf 90' lang='lat' dir='ltr'><strong>est</strong></span> <span class='ocrx_word' id='word_1_262' title='bbox 454 3345 630 3410; x_wconf 85' lang='lat' dir='ltr'><strong>tramittere</strong></span> <span class='ocrx_word' id='word_1_263' title='bbox 663 3349 716 3426; x_wconf 92' lang='lat' dir='ltr'><strong>(de</strong></span> <span class='ocrx_word' id='word_1_264' title='bbox 749 3347 901 3411; x_wconf 89' lang='lat' dir='ltr'><strong>Rhodano</strong></span> <span class='ocrx_word' id='word_1_265' title='bbox 925 3350 1067 3412; x_wconf 89' lang='lat' dir='ltr'><strong>absolute</strong></span> <span class='ocrx_word' id='word_1_266' title='bbox 1089 3351 1140 3425; x_wconf 90' lang='lat'><strong>21,</strong></span> <span class='ocrx_word' id='word_1_267' title='bbox 1163 3343 1214 3423; x_wconf 78' lang='grc'><strong>27,</strong></span> <span class='ocrx_word' id='word_1_268' title='bbox 1237 3343 1281 3432; x_wconf 79' lang='grc'><strong>7).</strong></span> <span class='ocrx_word' id='word_1_269' title='bbox 1326 3350 1392 3413; x_wconf 90' lang='lat' dir='ltr'><strong>Iam</strong></span> <span class='ocrx_word' id='word_1_270' title='bbox 1412 3351 1451 3412; x_wconf 88' lang='lat' dir='ltr'><strong>ad</strong></span> <span class='ocrx_word' id='word_1_271' title='bbox 1475 3351 1625 3414; x_wconf 90' lang='lat' dir='ltr'><strong>transisse</strong></span> 
     </span>
     <span class='ocr_line' id='line_1_28' title="bbox 372 3447 789 3531; baseline 0 -21"><span class='ocrx_word' id='word_1_272' title='bbox 372 3447 532 3511; x_wconf 87' lang='lat' dir='ltr'><strong>redierunt</strong></span> <span class='ocrx_word' id='word_1_273' title='bbox 554 3448 627 3511; x_wconf 87' lang='lat' dir='ltr'><strong>wfl.</strong></span> <span class='ocrx_word' id='word_1_274' title='bbox 652 3456 684 3511; x_wconf 88' lang='lat' dir='ltr'><strong>et</strong></span> <span class='ocrx_word' id='word_1_275' title='bbox 705 3449 789 3531; x_wconf 88' lang='lat' dir='ltr'><strong>Mvg.</strong></span> 
     </span>
    </p>

    <p class='ocr_par' dir='ltr' id='par_1_5' title="bbox 372 3549 1628 4542">
     <span class='ocr_line' id='line_1_29' title="bbox 457 3549 1628 3638; baseline 0.004 -28"><span class='ocrx_word' id='word_1_276' title='bbox 457 3551 508 3624; x_wconf 92' lang='lat'><strong>22,</strong></span> <span class='ocrx_word' id='word_1_277' title='bbox 534 3550 548 3610; x_wconf 97' lang='lat' dir='ltr'><strong>l</strong></span> <span class='ocrx_word' id='word_1_278' title='bbox 576 3549 748 3638; x_wconf 76' lang='lat' dir='ltr'><strong>simusque</strong></span> <span class='ocrx_word' id='word_1_279' title='bbox 777 3572 846 3613; x_wconf 85' lang='lat' dir='ltr'><strong>eam</strong></span> <span class='ocrx_word' id='word_1_280' title='bbox 868 3587 908 3598; x_wconf 92' lang='lat'><em>-</em></span> <span class='ocrx_word' id='word_1_281' title='bbox 930 3587 972 3598; x_wconf 93' lang='grc'><strong>-</strong></span> <span class='ocrx_word' id='word_1_282' title='bbox 989 3551 1164 3636; x_wconf 78' lang='lat' dir='ltr'><strong>praesidiis</strong></span> <span class='ocrx_word' id='word_1_283' title='bbox 1187 3560 1365 3632; x_wconf 91' lang='lat' dir='ltr'><strong>suspectum</strong></span> <span class='ocrx_word' id='word_1_284' title='bbox 1388 3553 1532 3626; x_wconf 85' lang='lat' dir='ltr'><strong>habetur,</strong></span> <span class='ocrx_word' id='word_1_285' title='bbox 1556 3553 1628 3635; x_wconf 93' lang='lat' dir='ltr'><strong>quia</strong></span> 
     </span>
     <span class='ocr_line' id='line_1_30' title="bbox 372 3650 1625 3734; baseline 0.004 -22"><span class='ocrx_word' id='word_1_286' title='bbox 372 3650 536 3731; x_wconf 87' lang='lat' dir='ltr'><strong>praesidiis</strong></span> <span class='ocrx_word' id='word_1_287' title='bbox 568 3650 684 3713; x_wconf 88' lang='lat' dir='ltr'><strong>firmari</strong></span> <span class='ocrx_word' id='word_1_288' title='bbox 717 3653 819 3726; x_wconf 88' lang='lat' dir='ltr'><strong>urbes,</strong></span> <span class='ocrx_word' id='word_1_289' title='bbox 853 3660 966 3727; x_wconf 88' lang='lat' dir='ltr'><strong>castra,</strong></span> <span class='ocrx_word' id='word_1_290' title='bbox 1000 3653 1155 3727; x_wconf 89' lang='lat' dir='ltr'><strong>civitates,</strong></span> <span class='ocrx_word' id='word_1_291' title='bbox 1184 3654 1251 3716; x_wconf 91' lang='lat' dir='ltr'><strong>luca</strong></span> <span class='ocrx_word' id='word_1_292' title='bbox 1273 3654 1364 3734; x_wconf 90' lang='lat' dir='ltr'><strong>vulgo</strong></span> <span class='ocrx_word' id='word_1_293' title='bbox 1387 3654 1541 3727; x_wconf 90' lang='lat' dir='ltr'><strong>dicuntur,</strong></span> <span class='ocrx_word' id='word_1_294' title='bbox 1566 3674 1625 3717; x_wconf 93' lang='lat' dir='ltr'><strong>non</strong></span> 
     </span>
     <span class='ocr_line' id='line_1_31' title="bbox 372 3751 1626 3837; baseline 0.003 -24"><span class='ocrx_word' id='word_1_295' title='bbox 372 3751 520 3814; x_wconf 87' lang='lat' dir='ltr'><strong>homines.</strong></span> <span class='ocrx_word' id='word_1_296' title='bbox 574 3753 746 3814; x_wconf 90' lang='lat' dir='ltr'><strong>Pronomen</strong></span> <span class='ocrx_word' id='word_1_297' title='bbox 770 3774 848 3828; x_wconf 82' lang='lat' dir='ltr'><strong>eam,</strong></span> <span class='ocrx_word' id='word_1_298' title='bbox 872 3755 1014 3835; x_wconf 85' lang='lat' dir='ltr'><strong>quamvis</strong></span> <span class='ocrx_word' id='word_1_299' title='bbox 1036 3761 1069 3816; x_wconf 91' lang='lat' dir='ltr'><strong>et</strong></span> <span class='ocrx_word' id='word_1_300' title='bbox 1091 3755 1247 3816; x_wconf 90' lang='lat' dir='ltr'><strong>codicibus</strong></span> <span class='ocrx_word' id='word_1_301' title='bbox 1270 3763 1302 3816; x_wconf 89' lang='lat' dir='ltr'><strong>et</strong></span> <span class='ocrx_word' id='word_1_302' title='bbox 1324 3755 1461 3837; x_wconf 91' lang='lat' dir='ltr'><strong>antiquis</strong></span> <span class='ocrx_word' id='word_1_303' title='bbox 1485 3756 1554 3818; x_wconf 90' lang='lat' dir='ltr'><strong>edd.</strong></span> <span class='ocrx_word' id='word_1_304' title='bbox 1578 3755 1626 3818; x_wconf 91' lang='lat' dir='ltr'><strong>ui·</strong></span> 
     </span>
     <span class='ocr_line' id='line_1_32' title="bbox 372 3852 1623 3937; baseline 0.004 -24"><span class='ocrx_word' id='word_1_305' title='bbox 372 3859 468 3925; x_wconf 89' lang='lat' dir='ltr'><strong>tatur,</strong></span> <span class='ocrx_word' id='word_1_306' title='bbox 502 3852 586 3915; x_wconf 89' lang='lat' dir='ltr'><strong>eiicit</strong></span> <span class='ocrx_word' id='word_1_307' title='bbox 618 3853 703 3928; x_wconf 85' lang='lat' dir='ltr'><strong>Wfl,</strong></span> <span class='ocrx_word' id='word_1_308' title='bbox 738 3854 824 3916; x_wconf 91' lang='lat' dir='ltr'><strong>uncis</strong></span> <span class='ocrx_word' id='word_1_309' title='bbox 856 3855 988 3918; x_wconf 91' lang='lat' dir='ltr'><strong>includit</strong></span> <span class='ocrx_word' id='word_1_310' title='bbox 1021 3855 1124 3930; x_wconf 91' lang='lat' dir='ltr'><strong>st.,</strong></span> <span class='ocrx_word' id='word_1_311' title='bbox 1156 3855 1187 3917; x_wconf 92' lang='lat' dir='ltr'><strong>in</strong></span> <span class='ocrx_word' id='word_1_312' title='bbox 1211 3876 1279 3918; x_wconf 82' lang='lat' dir='ltr'><strong>sam</strong></span> <span class='ocrx_word' id='word_1_313' title='bbox 1302 3863 1405 3918; x_wconf 90' lang='lat' dir='ltr'><strong>mutat</strong></span> <span class='ocrx_word' id='word_1_314' title='bbox 1426 3857 1501 3937; x_wconf 89' lang='lat' dir='ltr'><strong>Mvg</strong></span> <span class='ocrx_word' id='word_1_315' title='bbox 1524 3858 1572 3918; x_wconf 91' lang='lat' dir='ltr'><strong>ed.</strong></span> <span class='ocrx_word' id='word_1_316' title='bbox 1595 3859 1623 3918; x_wconf 87' lang='grc'><strong>3.</strong></span> 
     </span>
     <span class='ocr_line' id='line_1_33' title="bbox 372 3953 1624 4036; baseline 0.002 -20"><span class='ocrx_word' id='word_1_317' title='bbox 372 3953 419 4016; x_wconf 89' lang='lat' dir='ltr'><strong>Re</strong></span> <span class='ocrx_word' id='word_1_318' title='bbox 452 3972 526 4015; x_wconf 88' lang='lat' dir='ltr'><strong>vera</strong></span> <span class='ocrx_word' id='word_1_319' title='bbox 552 3960 658 4016; x_wconf 91' lang='lat' dir='ltr'><strong>tamen</strong></span> <span class='ocrx_word' id='word_1_320' title='bbox 681 3955 859 4017; x_wconf 89' lang='lat' dir='ltr'><strong>Hasdrubal</strong></span> <span class='ocrx_word' id='word_1_321' title='bbox 883 3963 915 4018; x_wconf 93' lang='lat' dir='ltr'><strong>et</strong></span> <span class='ocrx_word' id='word_1_322' title='bbox 936 3956 1004 4036; x_wconf 91' lang='lat' dir='ltr'><strong>ipse</strong></span> <span class='ocrx_word' id='word_1_323' title='bbox 1026 3957 1210 4018; x_wconf 88' lang='lat' dir='ltr'><strong>firmabatur</strong></span> <span class='ocrx_word' id='word_1_324' title='bbox 1232 3957 1357 4019; x_wconf 87' lang='lat' dir='ltr'><strong>firmata</strong></span> <span class='ocrx_word' id='word_1_325' title='bbox 1379 3957 1538 4036; x_wconf 89' lang='lat' dir='ltr'><strong>provincia</strong></span> <span class='ocrx_word' id='word_1_326' title='bbox 1560 3957 1624 4019; x_wconf 86' lang='lat' dir='ltr'><strong>eius</strong></span> 
     </span>
     <span class='ocr_line' id='line_1_34' title="bbox 372 4054 1625 4140; baseline 0.004 -25"><span class='ocrx_word' id='word_1_327' title='bbox 372 4073 431 4115; x_wconf 91' lang='lat' dir='ltr'><strong>uon</strong></span> <span class='ocrx_word' id='word_1_328' title='bbox 455 4054 554 4116; x_wconf 90' lang='lat' dir='ltr'><strong>solum</strong></span> <span class='ocrx_word' id='word_1_329' title='bbox 578 4054 745 4135; x_wconf 89' lang='lat' dir='ltr'><strong>peditibus,</strong></span> <span class='ocrx_word' id='word_1_330' title='bbox 768 4055 923 4136; x_wconf 89' lang='lat' dir='ltr'><strong>equitibus</strong></span> <span class='ocrx_word' id='word_1_331' title='bbox 946 4065 1041 4139; x_wconf 89' lang='lat' dir='ltr'><strong>atque</strong></span> <span class='ocrx_word' id='word_1_332' title='bbox 1064 4057 1239 4138; x_wconf 90' lang='lat' dir='ltr'><strong>elephantis</strong></span> <span class='ocrx_word' id='word_1_333' title='bbox 1262 4058 1417 4136; x_wconf 88' lang='lat' dir='ltr'><strong>(terrestri</strong></span> <span class='ocrx_word' id='word_1_334' title='bbox 1440 4058 1548 4120; x_wconf 87' lang='lat' dir='ltr'><strong>auxilii</strong></span> <span class='ocrx_word' id='word_1_335' title='bbox 1571 4079 1625 4140; x_wconf 91' lang='lat' dir='ltr'><strong>ge-</strong></span> 
     </span>
     <span class='ocr_line' id='line_1_35' title="bbox 372 4155 1625 4240; baseline 0.004 -24"><span class='ocrx_word' id='word_1_336' title='bbox 372 4174 444 4218; x_wconf 90' lang='lat' dir='ltr'><strong>nere</strong></span> <span class='ocrx_word' id='word_1_337' title='bbox 478 4157 493 4238; x_wconf 66' lang='grc' dir='ltr'><strong>ξ</strong></span> <span class='ocrx_word' id='word_1_338' title='bbox 526 4155 573 4239; x_wconf 87' lang='grc'><strong>3),</strong></span> <span class='ocrx_word' id='word_1_339' title='bbox 606 4156 777 4218; x_wconf 89' lang='lat' dir='ltr'><strong>sedetiam</strong></span> <span class='ocrx_word' id='word_1_340' title='bbox 803 4158 911 4232; x_wconf 89' lang='lat' dir='ltr'><strong>classe,</strong></span> <span class='ocrx_word' id='word_1_341' title='bbox 935 4179 1030 4240; x_wconf 88' lang='lat' dir='ltr'><strong>qnare</strong></span> <span class='ocrx_word' id='word_1_342' title='bbox 1053 4158 1210 4240; x_wconf 87' lang='lat' dir='ltr'><strong>praesidia</strong></span> <span class='ocrx_word' id='word_1_343' title='bbox 1231 4159 1281 4221; x_wconf 91' lang='lat' dir='ltr'><strong>hio</strong></span> <span class='ocrx_word' id='word_1_344' title='bbox 1303 4159 1384 4222; x_wconf 90' lang='lat' dir='ltr'><strong>idem</strong></span> <span class='ocrx_word' id='word_1_345' title='bbox 1408 4160 1472 4222; x_wconf 85' lang='lat' dir='ltr'><strong>iere</strong></span> <span class='ocrx_word' id='word_1_346' title='bbox 1495 4168 1568 4222; x_wconf 89' lang='lat' dir='ltr'><strong>suut</strong></span> <span class='ocrx_word' id='word_1_347' title='bbox 1590 4180 1625 4222; x_wconf 91' lang='lat' dir='ltr'><strong>ac</strong></span> 
     </span>
     <span class='ocr_line' id='line_1_36' title="bbox 372 4257 1625 4340; baseline 0.003 -22"><span class='ocrx_word' id='word_1_348' title='bbox 372 4257 521 4331; x_wconf 90' lang='lat' dir='ltr'><strong>subsidia,</strong></span> <span class='ocrx_word' id='word_1_349' title='bbox 544 4257 609 4319; x_wconf 87' lang='lat' dir='ltr'><strong>sive</strong></span> <span class='ocrx_word' id='word_1_350' title='bbox 632 4257 755 4319; x_wconf 90' lang='lat' dir='ltr'><strong>diversa</strong></span> <span class='ocrx_word' id='word_1_351' title='bbox 778 4259 885 4321; x_wconf 83' lang='lat' dir='ltr'><strong>auxilii</strong></span> <span class='ocrx_word' id='word_1_352' title='bbox 908 4279 1030 4340; x_wconf 88' lang='lat' dir='ltr'><strong>genera.</strong></span> <span class='ocrx_word' id='word_1_353' title='bbox 1075 4261 1198 4322; x_wconf 90' lang='lat' dir='ltr'><strong>Dicitur</strong></span> <span class='ocrx_word' id='word_1_354' title='bbox 1221 4268 1324 4322; x_wconf 90' lang='lat' dir='ltr'><strong>autem</strong></span> <span class='ocrx_word' id='word_1_355' title='bbox 1348 4260 1446 4322; x_wconf 89' lang='lat' dir='ltr'><strong>aciem</strong></span> <span class='ocrx_word' id='word_1_356' title='bbox 1469 4261 1625 4333; x_wconf 90' lang='lat' dir='ltr'><strong>subsidiis,</strong></span> 
     </span>
     <span class='ocr_line' id='line_1_37' title="bbox 373 4357 1625 4444; baseline 0.002 -24"><span class='ocrx_word' id='word_1_357' title='bbox 373 4357 602 4420; x_wconf 88' lang='lat' dir='ltr'><strong>multitudinem</strong></span> <span class='ocrx_word' id='word_1_358' title='bbox 634 4358 823 4421; x_wconf 90' lang='lat' dir='ltr'><strong>stationibus</strong></span> <span class='ocrx_word' id='word_1_359' title='bbox 851 4361 984 4422; x_wconf 90' lang='lat' dir='ltr'><strong>firmare.</strong></span> <span class='ocrx_word' id='word_1_360' title='bbox 1030 4361 1077 4424; x_wconf 85' lang='lat' dir='ltr'><strong>Cf.</strong></span> <span class='ocrx_word' id='word_1_361' title='bbox 1101 4360 1188 4424; x_wconf 88' lang='lat' dir='ltr'><strong>Suet.</strong></span> <span class='ocrx_word' id='word_1_362' title='bbox 1213 4361 1305 4424; x_wconf 86' lang='lat' dir='ltr'><strong>Galb.</strong></span> <span class='ocrx_word' id='word_1_363' title='bbox 1331 4360 1370 4424; x_wconf 88' lang='grc'><strong>19</strong></span> <span class='ocrx_word' id='word_1_364' title='bbox 1392 4361 1468 4423; x_wconf 92' lang='lat' dir='ltr'><strong>nihil</strong></span> <span class='ocrx_word' id='word_1_365' title='bbox 1492 4362 1625 4444; x_wconf 89' lang='lat' dir='ltr'><strong>amplius</strong></span> 
     </span>
     <span class='ocr_line' id='line_1_38' title="bbox 372 4459 1490 4542; baseline 0.004 -23"><span class='ocrx_word' id='word_1_366' title='bbox 372 4477 463 4540; x_wconf 91' lang='lat' dir='ltr'><strong>quam</strong></span> <span class='ocrx_word' id='word_1_367' title='bbox 488 4459 643 4521; x_wconf 91' lang='lat' dir='ltr'><strong>continere</strong></span> <span class='ocrx_word' id='word_1_368' title='bbox 666 4479 699 4522; x_wconf 90' lang='lat' dir='ltr'><strong>se</strong></span> <span class='ocrx_word' id='word_1_369' title='bbox 722 4461 836 4523; x_wconf 90' lang='lat' dir='ltr'><strong>statuit</strong></span> <span class='ocrx_word' id='word_1_370' title='bbox 860 4470 892 4523; x_wconf 91' lang='lat' dir='ltr'><strong>et</strong></span> <span class='ocrx_word' id='word_1_371' title='bbox 915 4463 1149 4542; x_wconf 86' lang='lat' dir='ltr'><strong>legionariorum</strong></span> <span class='ocrx_word' id='word_1_372' title='bbox 1173 4463 1295 4525; x_wconf 87' lang='lat' dir='ltr'><strong>firmare</strong></span> <span class='ocrx_word' id='word_1_373' title='bbox 1318 4463 1490 4542; x_wconf 87' lang='lat' dir='ltr'><strong>praesidiis.</strong></span> 
     </span>
    </p>

    <p class='ocr_par' dir='ltr' id='par_1_6' title="bbox 454 4559 1626 4648">
     <span class='ocr_line' id='line_1_39' title="bbox 454 4559 1626 4648; baseline 0.003 -27"><span class='ocrx_word' id='word_1_374' title='bbox 454 4561 505 4635; x_wconf 90' lang='lat'><strong>22,</strong></span> <span class='ocrx_word' id='word_1_375' title='bbox 528 4563 547 4622; x_wconf 89' lang='lat'><strong>2</strong></span> <span class='ocrx_word' id='word_1_376' title='bbox 570 4559 746 4644; x_wconf 74' lang='lat' dir='ltr'><strong>quingentis</strong></span> <span class='ocrx_word' id='word_1_377' title='bbox 769 4581 806 4624; x_wconf 84' lang='lat' dir='ltr'><strong>ex</strong></span> <span class='ocrx_word' id='word_1_378' title='bbox 829 4563 959 4644; x_wconf 89' lang='lat' dir='ltr'><strong>Polybio</strong></span> <span class='ocrx_word' id='word_1_379' title='bbox 982 4564 1028 4646; x_wconf 94' lang='lat'><strong>(3,</strong></span> <span class='ocrx_word' id='word_1_380' title='bbox 1051 4565 1108 4648; x_wconf 88' lang='lat'><strong>33)</strong></span> <span class='ocrx_word' id='word_1_381' title='bbox 1131 4563 1283 4637; x_wconf 90' lang='lat' dir='ltr'><strong>additum,</strong></span> <span class='ocrx_word' id='word_1_382' title='bbox 1306 4574 1470 4645; x_wconf 90' lang='lat' dir='ltr'><strong>postquam</strong></span> <span class='ocrx_word' id='word_1_383' title='bbox 1484 4563 1626 4644; x_wconf 90' lang='lat' dir='ltr'><strong>inscrip-</strong></span> 
     </span>
    </p>
   </div>
   <div class='ocr_carea' id='block_1_3' title="bbox 371 4662 1628 4953">
    <p class='ocr_par' dir='ltr' id='par_1_7' title="bbox 371 4662 1628 4953">
     <span class='ocr_line' id='line_1_40' title="bbox 371 4662 1627 4750; baseline 0.003 -28"><span class='ocrx_word' id='word_1_384' title='bbox 371 4670 444 4722; x_wconf 91' lang='lat' dir='ltr'><strong>tura</strong></span> <span class='ocrx_word' id='word_1_385' title='bbox 475 4676 548 4724; x_wconf 79' lang='lat' dir='ltr'><strong>DAD</strong></span> <span class='ocrx_word' id='word_1_386' title='bbox 582 4662 669 4742; x_wconf 90' lang='lat' dir='ltr'><strong>(post</strong></span> <span class='ocrx_word' id='word_1_387' title='bbox 702 4681 860 4726; x_wconf 92' lang='lat' dir='ltr'><strong>numerum</strong></span> <span class='ocrx_word' id='word_1_388' title='bbox 895 4665 975 4728; x_wconf 90' lang='lat' dir='ltr'><strong>enim</strong></span> <span class='ocrx_word' id='word_1_389' title='bbox 1007 4680 1056 4728; x_wconf 83' lang='grc' dir='ltr'><strong>ΔΙ)</strong></span> <span class='ocrx_word' id='word_1_390' title='bbox 1078 4666 1251 4746; x_wconf 86' lang='lat' dir='ltr'><strong>proximum</strong></span> <span class='ocrx_word' id='word_1_391' title='bbox 1275 4664 1359 4750; x_wconf 85' lang='lat' dir='ltr'><strong>erat)</strong></span> <span class='ocrx_word' id='word_1_392' title='bbox 1381 4665 1466 4746; x_wconf 92' lang='lat' dir='ltr'><strong>prius</strong></span> <span class='ocrx_word' id='word_1_393' title='bbox 1489 4679 1512 4727; x_wconf 86' lang='lat' dir='ltr'>D</span> <span class='ocrx_word' id='word_1_394' title='bbox 1537 4665 1627 4728; x_wconf 83' lang='lat' dir='ltr'><strong>facile</strong></span> 
     </span>
     <span class='ocr_line' id='line_1_41' title="bbox 373 4761 1625 4848; baseline 0.003 -24"><span class='ocrx_word' id='word_1_395' title='bbox 373 4761 498 4824; x_wconf 83' lang='lat' dir='ltr'><strong>excidit.</strong></span> <span class='ocrx_word' id='word_1_396' title='bbox 541 4763 608 4825; x_wconf 91' lang='lat' dir='ltr'><strong>Iam</strong></span> <span class='ocrx_word' id='word_1_397' title='bbox 634 4762 779 4844; x_wconf 89' lang='lat' dir='ltr'><strong>Sigonius</strong></span> <span class='ocrx_word' id='word_1_398' title='bbox 802 4765 922 4827; x_wconf 90' lang='lat' dir='ltr'><strong>monuit</strong></span> <span class='ocrx_word' id='word_1_399' title='bbox 944 4766 1053 4828; x_wconf 91' lang='lat' dir='ltr'><strong>harum</strong></span> <span class='ocrx_word' id='word_1_400' title='bbox 1078 4766 1234 4848; x_wconf 90' lang='lat' dir='ltr'><strong>copiarum</strong></span> <span class='ocrx_word' id='word_1_401' title='bbox 1258 4785 1410 4829; x_wconf 89' lang='lat' dir='ltr'><strong>summam</strong></span> <span class='ocrx_word' id='word_1_402' title='bbox 1435 4767 1625 4828; x_wconf 87' lang='lat' dir='ltr'><strong>adverbum</strong></span> 
     </span>
     <span class='ocr_line' id='line_1_42' title="bbox 372 4866 1628 4953; baseline 0.004 -29"><span class='ocrx_word' id='word_1_403' title='bbox 372 4870 528 4944; x_wconf 92' lang='lat' dir='ltr'><strong>sumptam</strong></span> <span class='ocrx_word' id='word_1_404' title='bbox 563 4883 630 4927; x_wconf 90' lang='lat' dir='ltr'><strong>esse</strong></span> <span class='ocrx_word' id='word_1_405' title='bbox 666 4885 682 4926; x_wconf 91' lang='lat' dir='ltr'><strong>e</strong></span> <span class='ocrx_word' id='word_1_406' title='bbox 716 4866 857 4948; x_wconf 89' lang='lat' dir='ltr'><strong>catalogo</strong></span> <span class='ocrx_word' id='word_1_407' title='bbox 890 4867 1014 4950; x_wconf 90' lang='lat' dir='ltr'><strong>Polybii</strong></span> <span class='ocrx_word' id='word_1_408' title='bbox 1046 4868 1093 4953; x_wconf 90' lang='lat'><strong>(3,</strong></span> <span class='ocrx_word' id='word_1_409' title='bbox 1121 4867 1188 4953; x_wconf 85' lang='lat'><strong>33).</strong></span> <span class='ocrx_word' id='word_1_410' title='bbox 1238 4869 1355 4931; x_wconf 84' lang='lat' dir='ltr'><strong>Tamen</strong></span> <span class='ocrx_word' id='word_1_411' title='bbox 1380 4887 1439 4930; x_wconf 91' lang='lat' dir='ltr'><strong>non</strong></span> <span class='ocrx_word' id='word_1_412' title='bbox 1462 4867 1557 4948; x_wconf 90' lang='lat' dir='ltr'><strong>plena</strong></span> <span class='ocrx_word' id='word_1_413' title='bbox 1579 4875 1628 4929; x_wconf 90' lang='lat' dir='ltr'><strong>est</strong></span> 
     </span>
    </p>
   </div>
   <div class='ocr_carea' id='block_1_4' title="bbox 0 0 1792 5632">
    <p class='ocr_par' dir='ltr' id='par_1_8' title="bbox 0 0 1792 5632">
     <span class='ocr_line' id='line_1_43' title="bbox 0 0 1792 5632; baseline 0 0"><span class='ocrx_word' id='word_1_414' title='bbox 0 0 1792 5632; x_wconf 95' lang='lat' dir='ltr'><strong> </strong></span> 
     </span>
    </p>
   </div>
  </div>
 </body>
</html>
