3584 5632
350 627 389 682 26
635 629 834 700 Epilegomena
856 629 892 682 ad
915 627 947 681 Τ.
971 625 1043 681 Livii
1066 626 1167 681 librum
1191 625 1322 696 primum.

350 799 496 880 populum
521 799 664 880 civesque
686 821 706 862 a
727 801 859 863 Romulo
882 797 1014 882 transit)
1037 819 1136 879 neque
1159 800 1197 862 de
1220 798 1407 879 peregrinis»
1430 804 1486 862 ott.
1529 797 1615 860 »To-

350 908 416 963 tum
450 900 507 962 hoc
538 902 578 962 ad
606 901 729 964 Romuli
758 909 856 963 artem
881 908 913 962 et
935 900 1095 962 consilium
1119 899 1274 980 pertinere
1297 906 1455 981 apparato.
1499 898 1561 961 Vel
1585 899 1612 960 si

349 1001 426 1062 nihil
452 1001 505 1064 illo
532 1009 672 1082 tempore
701 1003 806 1082 populi
830 1002 964 1064 consiliis
988 1009 1020 1063 et
1042 1001 1175 1063 decretis
1198 1003 1302 1064 actum
1326 1001 1434 1062 Livius
1457 1000 1612 1081 significet

240 1105 243 1114 ’
350 1109 405 1163 aut
429 1122 558 1183 usquam
582 1103 626 1165 sic
649 1105 688 1164 ad
711 1104 858 1183 populum
883 1103 1026 1182 civesque
1049 1123 1068 1163 a
1089 1102 1220 1164 Romulo
1243 1109 1395 1176 trauseat,
1418 1109 1524 1163 tamen
1542 1120 1610 1162 meo

347 1203 413 1266 iure
447 1223 559 1284 negare
593 1204 668 1265 mihi
701 1205 806 1267 videor
839 1211 938 1266 totum
970 1204 1028 1265 hoc
1056 1205 1096 1264 ad
1123 1203 1248 1265 Romuli
1271 1211 1369 1265 artem
1393 1209 1426 1265 et
1449 1201 1609 1265 consilium

349 1304 545 1385 pertinuisse.
590 1305 801 1368 Vehementer
830 1312 950 1385 pugnat
978 1305 1055 1367 illud
1084 1324 1152 1366 cum
1175 1311 1244 1366 tota
1265 1304 1444 1366 narratione
1466 1303 1611 1378 Liviana,

350 1406 430 1486 quod
460 1406 582 1486 quidem
606 1405 893 1468 Weissenboruium
917 1425 977 1467 non
1001 1406 1090 1486 fugit.
1135 1406 1213 1469 Cum
1236 1425 1293 1468 nee
1315 1405 1397 1467 domi
1420 1425 1492 1485 spes
1515 1403 1611 1485 prolis

349 1514 433 1568 esset
453 1506 629 1568 homiuibus
651 1507 800 1569 Romanis
824 1527 879 1568 nec
902 1526 970 1568 cum
993 1507 1132 1568 finitimis
1156 1506 1317 1577 connubia,
1341 1526 1380 1566 ex
1402 1506 1528 1568 consilio
1552 1525 1611 1586 pa-

351 1615 432 1669 trum
460 1607 611 1670 Romulus
640 1609 759 1688 legatos
782 1608 877 1681 misit,
901 1608 952 1688 qui
975 1608 1157 1670 societatem
1181 1607 1427 1688 connubiumque
1450 1627 1529 1668 novo
1553 1626 1611 1686 po-

351 1708 423 1788 pulo
447 1716 599 1788 peterent.
644 1709 734 1780 Quod
759 1709 954 1770 fastidiosum
978 1709 1010 1769 hi
1033 1710 1173 1770 tulerunt
1187 1727 1366 1788 responsum
1383 1707 1502 1770 animos
1518 1727 1610 1789 prae-

351 1809 457 1871 sertim
479 1810 624 1872 iuvenum
647 1810 855 1872 Romanorum
881 1810 1017 1890 graviter
1040 1810 1268 1872 commovebat:
1292 1811 1306 1892 ξ
1329 1808 1349 1870 6
1371 1809 1475 1890 Aegre
1497 1808 1529 1871 id
1545 1809 1611 1870 Ro-

351 1930 444 1971 mana
466 1912 564 1990 pubes
587 1930 692 1991 passa,
716 1919 748 1973 et
770 1911 852 1972 haud
876 1910 968 1972 dubie
992 1913 1030 1972 ad
1054 1911 1115 1972 vim
1139 1919 1280 1990 spectare
1299 1931 1347 1972 res
1361 1910 1472 1991 coepit.
1506 1909 1611 1971 Nihilo

352 2011 452 2073 minus
474 2012 504 2074 iu
527 2012 582 2073 illa
605 2012 762 2074 sententia
784 2012 925 2092 persistit
948 2011 1136 2074 clarissimus
1159 2013 1215 2085 vir,
1234 2032 1332 2092 neque
1351 2019 1506 2086 senatum,
1520 2030 1610 2092 quem

351 2113 451 2192 ipsum
487 2114 693 2175 consuluisset
725 2113 885 2188 Romulus,
916 2133 1014 2194 neque
1037 2113 1230 2174 iuventutem
1253 2113 1437 2200 Romanam,
1460 2132 1540 2194 quae
1561 2131 1611 2172 re-

351 2233 496 2293 sponsum
531 2214 666 2276 insolens
700 2214 868 2294 aegerrime
895 2214 1031 2286 tulisset,
1059 2215 1148 2276 ludos
1177 2214 1241 2276 sive
1264 2215 1475 2294 spectaculum
1500 2233 1519 2274 a
1541 2232 1611 2293 rege

351 2314 511 2389 indictum,
546 2323 662 2396 quanto
696 2322 852 2395 apparatu
886 2322 952 2376 tum
986 2315 1101 2376 scireut
1132 2323 1188 2376 eut
1209 2322 1347 2395 possent,
1370 2314 1611 2386 concelebrasse,

353 2423 472 2477 utrem
498 2417 612 2478 claram
637 2423 914 2497 exspectatamque
937 2417 1087 2491 facerent,
1109 2418 1163 2478 sed
1179 2416 1346 2478 Romulum
1365 2435 1469 2478 uuum.
1503 2415 1611 2477 »Gele-

326 2518 443 2578 'brere
466 2525 498 2579 et
521 2518 735 2580 concelebrare
758 2537 848 2587 rem»,
871 2516 974 2597 inquit
996 2517 1138 2598 denique,
1160 2519 1261 2597 »apud
1284 2517 1407 2578 Livium
1430 2537 1490 2579 nou
1513 2515 1611 2578 solum

352 2619 422 2698 ipsa
454 2619 620 2680 multitudo
644 2619 766 2692 dicitur,
790 2637 868 2699 quae
892 2618 1046 2691 convenit,
1068 2618 1123 2680 sed
1146 2619 1252 2692 etiam,
1276 2619 1413 2699 quirem
1438 2615 1612 2680 celebritati

353 2728 385 2780 et
414 2719 632 2782 contrahendis
663 2719 839 2781 hominibus
862 2726 967 2798 aptam
991 2719 1139 2794 instituit,
1162 2719 1249 2781 velut
1270 2719 1300 2793 8,
1325 2719 1373 2792 10,
1398 2720 1437 2780 lo
1461 2720 1554 2780 funus
1572 2719 1611 2779 Ῥ.

353 2820 448 2882 Decio
472 2822 588 2882 factum
613 2821 725 2882 dieitur
752 2821 927 2884 celebrante
951 2820 1068 2900 collega
1092 2828 1123 2881 et
1145 2820 1260 2882 similia
1283 2820 1383 2882 alibi».
1426 2821 1538 2900 Itaque
1561 2839 1612 2881 ce-

352 2921 494 2984 lebrante
528 2931 576 2983 est
609 2921 758 2984 celebrari
791 2921 917 2982 iubente
949 2919 1067 3004 (nseine
1095 2921 1308 2983 Leichenleier
1335 2922 1438 2982 wurde
1461 2921 1612 3002 gltinzeud

354 3023 411 3084 auf
440 3022 541 3084 selues
575 3021 820 3102 Amtsgenossen
849 3021 1141 3102 Veranstaltungoj.
1185 3023 1221 3084 ld
1245 3041 1316 3085 vero
1338 3041 1398 3083 uon
1422 3021 1508 3084 verbi
1532 3020 1613 3083 cale-

354 3123 465 3184 breudi
488 3131 520 3185 et
542 3123 687 3185 similium
711 3122 865 3203 proprium
892 3131 949 3196 est,
973 3132 1006 3184 ut
1030 3123 1142 3205 aliquis
1165 3125 1267 3186 facere
1290 3123 1421 3198 dicatur,
1445 3123 1525 3204 quod
1548 3122 1612 3183 fieri

353 3224 446 3306 (alios
481 3226 598 3306 iacere)
631 3225 732 3300 iubet;
768 3243 866 3304 neque
898 3231 1003 3285 tamen
1036 3223 1086 3285 hic
1113 3225 1160 3286 ita
1188 3224 1248 3285 dici
1271 3232 1411 3304 poterat:
1435 3230 1612 3305 quantoque

355 3333 511 3404 apparatu
544 3333 610 3386 tum
645 3325 787 3387 sciebant
816 3331 871 3385 aut
893 3332 1038 3404 poterant
1062 3325 1268 3388 concelebrari
1290 3325 1386 3387 iubet.
1431 3323 1554 3386 Dicitur
1576 3325 1612 3385 de

354 3427 507 3488 communi
531 3426 665 3488 omnium
690 3426 793 3488 studio
817 3426 957 3487 ludorum
982 3445 1093 3510 magno
1116 3434 1272 3506 apparatu
1292 3427 1613 3498 concelebrandorum,

355 3547 392 3588 ac
420 3528 563 3590 nimirum
591 3527 622 3589 id
651 3527 794 3589 iuvenum
824 3525 964 3606 inprimis
986 3526 1146 3601 intererat,
1170 3535 1205 3589 ut
1228 3547 1348 3589 omnem
1371 3545 1495 3607 operam
1519 3526 1612 3588 adid

355 3628 539 3701 conferrent,
563 3636 598 3690 ut
620 3629 830 3708 spectaculum
853 3628 928 3690 illud
952 3627 1073 3689 illustre
1096 3629 1244 3691 lacerent.
1279 3628 1326 3691 Of.
1349 3627 1380 3702 8,
1402 3622 1431 3702 7,
1454 3630 1494 3690 22
1512 3647 1611 3709 quan-

354 3735 419 3790 tum
444 3729 630 3791 militaribus
653 3729 765 3790 studiis
788 3731 880 3790 funus
902 3729 998 3790 ullum
1023 3729 1228 3791 concelebrari
1252 3736 1365 3809 potest.

439 3827 468 3903 9,
493 3830 529 3891 ll
554 3827 731 3892 eccelleates
753 3831 783 3892 in
807 3831 841 3890 M
865 3830 943 3890 abiit
965 3830 995 3891 iu
1019 3827 1180 3892 revellente
1202 3839 1274 3891 sont
1296 3850 1355 3911 quo
1379 3849 1479 3892 errore
1499 3831 1613 3909 decep-

357 3938 409 3992 tus
432 3914 607 3994 Gronovius
631 3939 826 3993 excremente
848 3931 901 3992 illo
924 3930 1036 3993 omisso
1050 3929 1161 4012 formo
1177 3929 1338 3994 excellente
1352 3931 1519 4006 scribebat,
1534 3949 1613 4012 quae

355 4031 468 4093 levitas
490 4032 692 4112 sequentibus
714 4032 821 4094 multis
844 4032 946 4093 fraudi
969 4032 1038 4092 fuit.

439 4131 468 4206 9,
493 4133 531 4194 13
564 4131 675 4195 uiolati
709 4132 840 4217 hospitii
866 4131 984 4218 foedos
1015 4153 1073 4194 non
1104 4152 1231 4213 parvam
1263 4133 1367 4194 adfert
1387 4131 1613 4213 interpretandi

357 4233 584 4295 difficultatem.
628 4235 688 4296 Est
716 4235 837 4315 quidem
867 4233 993 4313 hospitii
1015 4232 1134 4319 foedas
1155 4234 1235 4296 idem
1260 4253 1297 4295 ac
1319 4241 1430 4296 sancta
1451 4234 1528 4296 fides
1550 4233 1614 4294 sive

357 4335 425 4396 iure
451 4334 577 4414 hospitii
601 4335 656 4419 (cf.
680 4333 729 4408 29,
753 4335 803 4409 24,
826 4334 870 4419 3),
896 4335 968 4415 quia
989 4335 1116 4396 invitati
1138 4335 1335 4415 hospitaliter
1357 4355 1412 4414 per
1435 4337 1541 4397 domos
1564 4334 1614 4395 fu·

357 4443 462 4511 crant;
491 4437 545 4498 sed
569 4437 650 4516 quod
673 4435 829 4516 participii
852 4455 957 4497 casum
981 4436 1020 4496 ad
1043 4435 1216 4514 proximum
1237 4434 1468 4498 substantivum
1494 4453 1615 4497 accom-

358 4538 516 4599 modatum
550 4537 707 4617 vulgarem
741 4537 826 4598 illam
862 4556 928 4598 esse
958 4536 1045 4598 aiunt
1068 4537 1228 4618 enallagen
1253 4537 1408 4612 adiectivi,
1431 4555 1615 4617 magnopere

358 4657 473 4712 vereor,
496 4657 534 4699 ne
558 4639 679 4699 modum
704 4639 866 4700 excedant.
900 4637 1055 4717 Exempla
1075 4637 1209 4700 Liviana
1232 4638 1390 4719 complura
1406 4637 1616 4700 affertKueb-

358 4746 431 4799 nast
453 4737 560 4822 (Syut.
584 4759 613 4820 p.
636 4737 725 4823 290),
749 4758 827 4819 quae
850 4738 897 4799 ita
918 4739 982 4800 lere
1006 4747 1187 4819 comparata
1209 4747 1293 4814 sunt,
1317 4747 1351 4801 ut
1373 4739 1425 4801 vix
1448 4739 1615 4820 quidquam

357 4838 492 4913 differat,
515 4841 555 4902 ad
579 4848 681 4904 utrum
705 4840 937 4902 substantivum
960 4840 1115 4902 referatur
1138 4840 1336 4905 adiectivum.
1370 4839 1423 4904 Sic
1439 4841 1490 4915 21,
1513 4838 1617 4915 10,12
