3574 5632
374 663 413 720 38
569 659 770 732 Epilcgcmena
790 661 825 716 ad
847 661 880 716 ’1.
904 661 976 717 Livii
997 661 1100 718 librum
1122 661 1283 719 uicesimum
1305 662 1437 732 primum.

374 835 413 898 ab
436 833 562 916 optimis
585 834 653 897 cdd.
677 835 849 899 recedatur.
898 835 1043 898 Ceterum
1065 835 1097 898 in
1120 835 1321 918 sequentibus
1344 854 1404 898 non
1426 835 1637 896 Vascosanns

372 935 490 1017 primus
518 955 572 998 ‹me
595 934 731 1015 quidm.
754 955 779 997 e.
803 938 817 998 1
823 944 1000 999 accrent»
1022 935 1173 1010 exhibuit,
1196 944 1232 1000 ut
1253 931 1347 1018 putat
1368 935 1476 1010 Drein,
1499 936 1554 997 sed
1576 953 1635 997 00-

373 1035 487 1118 petivit
522 1054 653 1098 errorem
687 1055 726 1097 ex
763 1037 831 1098 edd.
855 1037 884 1098 3.
910 1044 942 1098 00
964 1037 1037 1100 Ald.
1061 1036 1145 1112 mim,
1170 1057 1248 1118 quae
1270 1037 1332 1100 iam
1355 1037 1386 1099 in
1410 1037 1478 1102 edd.
1502 1037 1530 1098 1.
1553 1035 1634 1098 Asc.

374 1137 456 1218 Mog.
478 1136 555 1198 Ald.
578 1137 649 1198 0001.
673 1136 803 1219 01110000
827 1136 972 1200 00010000
995 1139 1106 1201 iuerat.

455 1238 502 1300 Ib.
538 1237 642 1300 missis
677 1239 761 1318 Mvg.
797 1239 888 1302 missi
925 1239 1015 1302 st.
1049 1238 1191 1302 dimissis
1212 1239 1285 1302 Wfl.
1309 1239 1436 1302 dimissi
1457 1240 1553 1312 Hrw,
1576 1238 1632 1319 qni

372 1339 490 1421 primus
512 1345 630 1401 rectam
654 1337 744 1401 huius
767 1339 825 1402 loci
848 1340 1033 1402 emendandi
1055 1339 1138 1404 viam
1160 1340 1239 1402 iniit.
1283 1340 1344 1402 Est
1366 1340 1447 1402 enim
1470 1339 1502 1401 in
1525 1339 1632 1401 Pali-

372 1440 461 1521 isqnc
498 1437 627 1502 classem
663 1437 762 1502 simili
796 1441 910 1524 100000.
954 1441 1197 1504 Praefercndum
1221 1457 1259 1503 ex
1282 1447 1431 1522 quattuor
1452 1440 1526 1514 illis,
1550 1457 1631 1521 qnae

373 1542 557 1615 offeruntur,
591 1540 633 1614 id,
662 1542 741 1622 quod
771 1548 843 1621 post
864 1539 993 1603 classem
1015 1541 1138 1604 facilius
1161 1539 1260 1604 simili
1282 1542 1399 1604 lactum
1423 1541 1480 1615 sit3
1503 1540 1630 1602 videtur

374 1641 497 1723 quidem
533 1639 661 1704 classem
687 1640 813 1704 dimissi
834 1642 864 1704 in
888 1642 1062 1704 uncialibus
1084 1643 1198 1704 litteris
1221 1642 1248 1704 ei
1272 1641 1437 1705 mutationi
1460 1641 1628 1704 obnoxium

373 1741 479 1816 fuisse,
514 1742 568 1804 sed
604 1742 699 1804 etiam
727 1740 856 1805 classem
878 1743 967 1805 missi
988 1743 1124 1824 repetita
1146 1742 1268 1825 syllaba
1291 1763 1370 1816 000ος
1391 1741 1492 1804 minus
1517 1741 1631 1804 verisi-

374 1842 444 1904 mile
478 1849 536 1913 cst,
559 1843 697 1916 verbum,
721 1843 801 1924 quod
824 1851 979 1906 mutatum
1002 1843 1106 1917 fuerit,
1129 1843 1159 1906 in
1183 1865 1197 1905 s
1220 1843 1342 1906 exiisse.
1385 1844 1499 1923 Itaque
1522 1842 1630 1905 0010010

374 1943 422 2004 vel
445 1942 586 2005 dimissis
609 1951 674 2005 tum
698 1944 820 2006 demum
844 1944 1050 2016 scribendum,
1073 1944 1099 2006 si
1122 1952 1249 2025 propter
1270 1963 1393 2006 sensum
1417 1943 1629 2006 necessarium

374 2044 424 2106 sit.
479 2042 597 2107 Sensus
628 2051 731 2106 eutem
754 2045 785 2107 id
808 2052 875 2106 tum
897 2044 1028 2125 primum
1053 2046 1163 2125 poscit,
1186 2045 1211 2106 si
1234 2053 1299 2108 turn
1324 2044 1447 2108 cibariis
1470 2045 1509 2106 ad
1534 2065 1631 2106 naves

377 2143 502 2218 delatis,
523 2144 589 2207 sive
612 2145 713 2208 edicto
736 2146 773 2208 de
797 2165 834 2208 ea
855 2164 888 2208 re
910 2145 1078 2225 proposito,
1101 2151 1168 2208 tum
1191 2163 1390 2227 peromnem
1413 2164 1499 2208 oram
1523 2144 1631 2226 dispo-

375 2245 454 2318 sitis,
491 2245 542 2326 qui
579 2265 618 2307 ex
651 2246 786 2326 speculis
814 2246 1026 2326 prospicerent
1048 2246 1179 2310 classem
1202 2245 1517 2327 Carthaginiensium,
1541 2245 1631 2329 Lily-

374 2347 487 2409 baeum
510 2354 665 2426 apparatu
688 2347 760 2408 belli
782 2348 957 2410 tenebatur.
1000 2347 1064 2410 Sed
1087 2367 1147 2410 non
1171 2347 1269 2428 magis
1291 2347 1359 2420 boc,
1383 2347 1463 2428 quod
1486 2366 1542 2427 per
1563 2365 1629 2408 om-

377 2467 446 2510 nem
471 2467 555 2510 oram
579 2449 723 2510 custodes
745 2448 1000 2528 disponebantur,
1024 2467 1115 2528 quarn
1140 2449 1221 2530 qnod
1243 2448 1274 2510 in
1298 2447 1424 2528 reliquis
1447 2447 1530 2510 circa
1553 2447 1629 2509 civi-

375 2549 496 2611 tatibus
525 2547 638 2613 milites
661 2548 794 2611 Romani
817 2549 856 2611 ad
880 2568 983 2611 curam
1008 2549 1166 2611 custodiae
1189 2549 1440 2622 intendebantur,
1464 2549 1504 2609 ad
1526 2547 1630 2629 ipsum

376 2649 560 2732 Lilybaeum
597 2649 683 2711 firmo
719 2649 872 2730 praesidio
909 2656 1124 2730 apparatuque
1154 2648 1227 2712 belli
1249 2650 1416 2712 tenendum
1440 2648 1629 2729 pertinebat,

377 2751 577 2831 quamobrem
600 2769 637 2812 00
659 2749 736 2812 illud
760 2749 881 2831 quidem
905 2769 974 2812 curn
996 2749 1097 2813 edicto
1113 2750 1281 2835 proposito
1303 2749 1396 2813 simili
1412 2767 1485 2812 casu
1499 2748 1628 2811 coniun-

378 2851 509 2931 gendam
545 2858 602 2913 est.
660 2851 813 2914 Narratur
849 2851 893 2913 M.
923 2850 1076 2913 Aemilius
1099 2851 1180 2914 eirea
1202 2851 1346 2914 civitates
1368 2850 1487 2912 misisse
1510 2850 1630 2929 legatos

378 2949 589 3034 tribunosque,
618 2951 801 3033 Lilybaeum
824 2951 965 3032 inprimis
987 2951 1124 3015 tenuisse
1147 2959 1301 3033 apparatu
1323 2950 1407 3024 belli,
1430 2969 1625 3032 peromnem

378 3051 508 3134 denique
531 3071 615 3115 oram
639 3053 783 3116 custodes
805 3053 968 3116 dimisisse.
1012 3052 1160 3116 Varietas
1183 3060 1288 3116 autern
1312 3059 1360 3115 est
1382 3051 1628 3114 constructionis.

461 3152 512 3228 49,
547 3154 585 3217 10
622 3154 746 3237 siquem
774 3153 883 3216 dotum
905 3174 942 3216 ere
964 3151 1098 3238 speculis
1119 3153 1210 3217 st.
1233 3155 1318 3235 Mvg.
1341 3154 1450 3216 dotum
1473 3151 1629 3238 especselis

377 3254 414 3317 P.
451 3253 560 3316 dotem
595 3275 610 3316 e
648 3253 781 3340 speculis
818 3255 853 3320 Ο.
890 3255 999 3318 dotum
1021 3264 1065 3318 est
1087 3255 1211 3338 siquem
1233 3275 1248 3316 e
1270 3275 1316 3340 sp.
1342 3255 1369 3316 l.
1393 3255 1422 3316 3.
1445 3253 1520 3319 Asc.
1542 3255 1627 3334 Meg.

378 3355 516 3420 Tanchn.
551 3356 661 3418 0100000
696 3377 712 3418 0
746 3377 792 3441 sp.
828 3357 951 3440 siquem
987 3355 1061 3420 Ald.
1085 3355 1158 3420 Sob.
1182 3357 1273 3418 Frob.
1297 3355 1388 3419 Grnt.
1412 3354 1507 3418 Gron.
1530 3354 1629 3417 Drsk.

377 3457 452 3522 Bkr.
487 3457 565 3520 Fab.
602 3456 655 3540 (es
686 3458 764 3519 Fab.
788 3455 953 3542 Tauchn.).
1007 3457 1056 3520 Ex
1087 3456 1250 3520 omittendi
1273 3455 1495 3520 consuetudine
1519 3455 1629 3537 colligo

378 3557 488 3622 dotum
510 3558 634 3641 ciperem
655 3557 786 3639 primam
809 3558 993 3638 scripturam
1017 3558 1122 3622 fuisse.

461 3660 508 3721 Ib.
531 3659 565 3720 in
586 3659 780 3724 stationibus.
829 3659 978 3721 Laudans
1001 3659 1146 3722 Iacobum
1171 3657 1371 3733 Gronovinm,
1394 3659 1474 3740 qnod
1496 3658 1530 3719 io
1551 3657 1631 3721 illud

379 3778 398 3820 0
420 3757 572 3838 prioribus
595 3760 741 3822 omissum
764 3758 964 3833 restituisset,
986 3759 1209 3824 Drakenborch
1231 3767 1315 3824 certe
1337 3758 1438 3822 animo
1461 3779 1521 3821 uon
1537 3777 1632 3839 prae·

379 3857 502 3925 viderat
524 3869 647 3940 postero
670 3869 809 3943 tempore
832 3863 963 3935 futuros,
986 3861 1092 3942 quiid
1115 3859 1433 3942 rnrsusexpellcrent.
1476 3860 1543 3921 Iam
1557 3879 1630 3922 vero

379 3960 466 4023 uncis
498 3960 624 4024 inclusit
656 3962 815 4025 Woelfflin
850 3963 1018 4024 adfirmans
1051 3962 1081 4024 in
1116 3963 1214 4025 altero
1247 3963 1384 4024 membro
1417 3961 1534 4022 100000
1560 3969 1632 4024 arta

380 4061 574 4143 copulatione
604 4063 862 4143 praepositionem
891 4063 991 4144 repeti
1013 4083 1072 4126 000
1095 4063 1202 4128 solere.
1246 4063 1324 4126 llum
1349 4068 1506 4124 auctorem
1530 4062 1631 4124 nomi-

379 4181 457 4224 nans
479 4163 607 4243 Madvig
629 4163 744 4227 reiecta
766 4183 890 4244 prorsus
913 4165 1140 4244 praepositione
1162 4165 1225 4226 ista
1247 4164 1291 4226 sic
1312 4163 1450 4244 scripsit:
1473 4181 1547 4243 pars
1570 4163 1630 4226 nai·

379 4263 467 4325 litum
490 4263 520 4326 in
546 4263 640 4326 muris
662 4273 880 4347 portarumque
903 4265 1101 4339 stationibus,
1124 4285 1197 4346 pars
1218 4265 1249 4328 in
1262 4263 1393 4328 navibus
1406 4271 1503 4326 erant.
1538 4263 1630 4336 Quod

378 4364 404 4426 si
436 4362 484 4426 ite
516 4373 599 4428 esset
630 4363 661 4426 10
695 4367 772 4439 cdd,
806 4385 895 4428 nemo
929 4367 991 4428 iere
1015 4367 1182 4449 quidquam
1204 4367 1387 4428 mutandum
1409 4372 1552 4445 putaret;
1575 4367 1630 4428 sed

379 4484 448 4529 cum
482 4465 551 4528 libri
586 4486 679 4528 manu
711 4467 817 4548 scripti
852 4468 890 4529 ad
919 4467 1088 4531 secundum
1110 4487 1220 4532 nomen
1243 4467 1277 4530 ia
1299 4472 1453 4547 repetant,
1475 4485 1548 4528 num
1572 4467 1631 4529 hoc

378 4573 462 4630 recte
496 4574 591 4650 atque
624 4587 663 4630 ex
696 4569 917 4632 consuetudine
941 4568 1099 4649 scriptoris
1122 4569 1219 4632 nostri
1241 4569 1308 4643 liat,
1331 4567 1498 4650 quaeritur.
1543 4567 1631 4630 Satis

379 4674 504 4730 constat
537 4668 630 4732 alium
660 4688 747 4732 usum
772 4669 892 4732 000010
916 4668 1180 4734 000100001001000
1203 4668 1469 4749 locutionibusque
1492 4667 1630 4730 disiunc-

378 4768 463 4842 tivis,
497 4769 588 4832 alium
618 4770 649 4832 in
673 4770 868 4850 copulativis,
891 4777 985 4851 atque
1007 4771 1039 4832 in
1060 4772 1109 4834 his
1132 4772 1254 4853 quidem
1277 4769 1472 4834 iterationem
1496 4787 1631 4849 praepo-

380 4867 501 4932 sitionis
534 4889 592 4934 non
624 4879 688 4932 tam
712 4871 871 4952 vulgarem
896 4889 963 4934 esse
986 4892 1077 4954 quam
1099 4873 1131 4936 in
1153 4872 1225 4935 illis.
1269 4873 1398 4946 Tamen,
1422 4876 1576 4953 quatenus
1598 4869 1629 4934 in
