3574 5632
350 613 388 667 56
548 615 745 686 Epilegomene
768 615 802 669 ad
825 615 857 669 T.
881 614 953 668 Livii
976 612 1077 668 librum
1102 616 1264 670 vicesimum
1288 612 1418 684 primum.

352 783 462 846 quidem
490 784 617 848 plagulae
643 785 672 834 iu
698 784 751 834 hoc
773 784 897 847 exemplo
917 782 1049 833 editionis
1068 783 1099 844 3.,
1119 784 1159 833 111
1177 789 1208 833 ut
1225 784 1339 834 indiciis
1357 785 1412 834 loci
1430 789 1459 834 et
1478 782 1543 832 anni
1562 781 1608 832 de·

351 867 478 918 stitutum
496 869 545 928 sit;
564 869 612 918 sed
630 867 660 917 in
678 869 798 918 externis
821 869 1001 918 bibliothecis
1019 869 1223 931 comparatione
1242 871 1372 921 instituta
1382 869 1497 919 eandem
1508 868 1608 917 editio·

351 966 412 1001 nem
439 967 500 1002 esse
527 953 632 1012 inveni,
660 967 739 1015 quam
758 953 920 1002 Vindelinus
938 952 1062 1002 Venetiis
1081 968 1124 1002 an.
1145 954 1210 1002 1410
1227 955 1302 1018 typis
1322 953 1478 1016 descripsit.
1514 952 1608 1001 Habet

351 1035 558 1085 emendationes
585 1035 665 1084 Laur.
693 1035 797 1108 Veliae.
840 1036 919 1086 Hanc
946 1036 1139 1084 conserendam
1166 1042 1276 1100 praeter
1304 1037 1559 1099 ceteraselegisse
1578 1049 1607 1084 11

352 1125 544 1169 commemorat
571 1119 668 1168 doctus
695 1121 744 1169 ille
772 1121 823 1180 vir,
851 1119 898 1183 qui
916 1135 959 1168 an.
983 1119 1607 1182 1848111111111111111111.1111111111

351 1203 465 1265 curavit,
494 1204 541 1266 qui
559 1203 679 1252 nondum
698 1205 863 1267 comperisse
882 1204 992 1254 videtur
1011 1207 1074 1252 onte
1094 1204 1161 1254 duos
1181 1220 1266 1254 annos
1284 1219 1356 1255 nova
1374 1203 1500 1254 subsidia
1520 1215 1607 1265 eaque

351 1288 470 1337 certiora
488 1287 688 1351 comparavisse
698 1288 907 1338 Alschefskium.

324 1415 327 1424 .
417 1371 543 1420 Proxima
569 1375 661 1421 aetate
687 1372 717 1421 in
743 1373 810 1422 bibl.
833 1375 927 1437 Upsal.
946 1374 976 1423 in
993 1378 1120 1437 promptu
1140 1374 1207 1423 mihi
1226 1376 1281 1424 fuit
1299 1375 1341 1424 ed.
1360 1375 1418 1436 illa,
1437 1389 1508 1437 quae
1527 1374 1605 1422 udili-

349 1457 471 1520 gentiore
499 1470 563 1505 cura
589 1457 619 1506 in
645 1456 760 1506 aedibus
788 1459 964 1508 Ascensiauis
991 1460 1020 1508 in
1038 1458 1141 1508 illustri
1159 1459 1358 1508 Parrhisiorum
1376 1458 1542 1508 Academia»
1561 1473 1605 1507 an.

351 1541 416 1590 1510
442 1541 581 1603 exscripta
605 1545 655 1602 est,
674 1542 900 1592 annotationibus
918 1544 1054 1593 instructa
1071 1559 1088 1592 a
1105 1543 1206 1592 Iodoco
1224 1543 1310 1592 Badio
1329 1544 1468 1605 Ascensio,
1488 1543 1537 1606 qui
1554 1544 1605 1592 Ge-

350 1625 426 1689 orgio
453 1626 550 1676 Aloino
579 1627 690 1676 scribit:
714 1629 767 1676 cad
784 1629 856 1679 hano
872 1632 937 1677 tuae
956 1627 1115 1678 celsitudini
1133 1627 1280 1677 dicandam
1298 1628 1409 1689 invitor,
1437 1627 1510 1690 quod
1529 1626 1606 1676 lecti·

350 1711 422 1760 tanti
440 1711 509 1760 mihi
527 1711 657 1763 Livianae
676 1713 821 1763 conciones
839 1716 915 1775 totus
934 1717 1016 1775 atque
1036 1713 1105 1762 adeo
1124 1727 1192 1762 unns
1210 1712 1381 1764 1111111111».

417 1794 542 1858 Oontigit
567 1796 643 1857 mihi,
670 1801 700 1846 ut
719 1797 889 1860 acquirerem
908 1796 952 1845 ed.
970 1796 1158 1860 lioguntinam
1177 1797 1362 1860 subscriptam
1380 1812 1472 1848 mense
1491 1798 1605 1846 Novem·

349 1878 392 1927 bri
411 1893 453 1928 an.
474 1880 545 1928 1518.
584 1881 805 1931 Demandaverat
822 1883 938 1931 Ioannes
957 1880 1082 1930 Scheffer
1100 1880 1214 1930 Nicolao
1233 1881 1386 1931 Garbacbio
1405 1881 1603 1945 etWoligaugo

350 1963 471 2026 Angusto
490 1978 549 2012 eam
569 1979 669 2026 curam,
687 1971 718 2015 ut
736 1966 858 2015 codicem
876 1965 954 2014 aedis
963 1965 1140 2028 Moguntinae
1149 1965 1379 2028 metropolitanae
1389 1967 1610 2016 vetustissimum

350 2047 555 2098 characteribus
581 2050 799 2113 Longobardicis
825 2050 854 2099 in
881 2049 1047 2098 membranis
1075 2049 1206 2110 scriptum
1235 2051 1403 2112 conferrent;
1432 2064 1511 2112 quem
1537 2050 1607 2111 lege·

349 2132 417 2181 bant
434 2130 464 2180 hi
482 2136 510 2181 11
527 2133 696 2196 relegebant,
724 2138 848 2183 1111111
866 2135 978 2182 Brasmo
997 2133 1179 2182 Roterodamo
1198 2133 1347 2183 innumeris
1365 2133 1435 2183 locis
1453 2132 1607 2182 orationem

351 2215 423 2265 Livii
451 2230 485 2265 ex
517 2216 614 2266 codice
633 2218 816 2281 castigabant,
854 2218 956 2267 Narrat
973 2217 1047 2266 idem
1065 2217 1094 2265 in
1112 2219 1294 2280 praefatione,
1313 2217 1495 2268 Oarbacbium
1514 2215 1608 2278 cquin·

350 2300 498 2363 quennium
516 2300 545 2350 Τ.
565 2301 673 2350 Livium
689 2303 802 2365 publico
821 2301 923 2351 salario
942 2316 1046 2350 summa
1065 2315 1125 2350 cum
1143 2301 1224 2350 laude
1242 2302 1395 2364 professum
1416 2310 1501 2349 11111.
1537 2299 1609 2348 Data

349 2384 486 2448 igiturest
499 2385 660 2448 Moguntina
677 2400 770 2435 mense
788 2385 937 2435 Novembri
958 2386 1035 2444 1518;
1055 2368 1104 2434 sed
1123 2390 1256 2436 annotata
1274 2400 1307 2434 ex
1324 2387 1433 2434 vetusto
1452 2383 1548 2432 codice
1561 2383 1609 2432 ad-

349 2467 416 2518 iecit
433 2468 559 2517 Oarbach
576 2469 643 2518 idib.
661 2470 770 2519 Martiis
790 2471 862 2520 1519.

416 2551 541 2602 Venetiis
567 2553 598 2601 in
626 2553 742 2603 aedibus
768 2555 833 2604 Aldi
860 2560 889 2604 et
915 2556 1041 2604 Andreae
1069 2555 1158 2604 soceri
1185 2569 1218 2602 m.
1247 2554 1325 2602 Febr.
1345 2552 1514 2601 1519111111
1532 2551 1609 2601 Livii

350 2637 529 2686 XXI—XXX
557 2637 706 2686 enchiridii
732 2639 820 2687 forma
846 2639 922 2688 ioras
950 2639 1029 2689 dedit
1055 2639 1217 2697 Franciscus
1244 2637 1378 2688 Asulanus
1404 2636 1462 2684 cita
1480 2639 1610 2685 accurate

351 2720 511 2783 castigatos,
530 2725 560 2769 ut
577 2721 663 2771 tantis
682 2721 711 2771 in
728 2723 852 2773 tenebris
870 2728 1003 2788 tantaque
1021 2723 1206 2788 perplexitate
1224 2727 1348 2773 veterum
1367 2720 1564 2784 exemplarium
1579 2721 1609 2768 ii·

350 2804 391 2854 eri
418 2805 533 2868 potuita.
577 2805 653 2855 Haec
685 2809 776 2856 autem
808 2808 893 2858 babet
925 2809 1060 2858 Asulanus
1092 2809 1121 2857 in
1148 2807 1324 2856 dedicatione
1351 2805 1465 2855 decadis
1492 2808 1632 2868 quartae⁴

349 2902 442 2938 mense
458 2889 606 2938 Novembri
625 2891 702 2938 1520:
721 2892 821 2950 «Quam
840 2892 958 2954 plurima
976 2893 1080 2956 optima
1098 2895 1127 2941 11
1140 2892 1255 2954 antiqua
1267 2894 1296 2939 et
1307 2904 1388 2938 manu
1401 2889 1506 2952 scripta
1518 2902 1608 2937 exem-

349 2973 439 3036 plaria
457 2987 491 3022 ex
508 2973 660 3023 reconditis
678 2975 810 3024 librorum
828 2977 945 3026 latebris
973 2977 1079 3040 collegi,
1108 2976 1208 3039 quibus
1227 2990 1261 3024 ex
1278 2974 1404 3024 omnibus
1423 2973 1476 3022 hoc
1492 2972 1606 3022 tandem

349 3070 431 3105 unum
449 3062 478 3106 et
495 3057 615 3106 lucidum
634 3063 662 3108 11
680 3060 715 3108 11
733 3061 807 3109 omni
826 3064 906 3122 parte
923 3061 1060 3124 integrum
1079 3061 1219 3111 conflavit.

416 3139 573 3190 Editionem
600 3142 791 3193 coloniensem
819 3160 861 3194 an.
889 3143 954 3194 1525
981 3145 1094 3195 dedicat
1120 3146 1237 3196 Iacobus
1255 3145 1353 3195 Bobius
1372 3143 1605 3207 «repurgatiorem

350 3238 430 3287 quam
458 3229 522 3275 ante
548 3226 601 3276 hoc
627 3231 736 3291 tempus
763 3243 881 3291 unquam
904 3230 994 3293 praeli
1011 3231 1137 3279 formulis
1155 3245 1282 3280 excusum
1300 3228 1443 3278 vidimus».
1478 3225 1607 3289 Sequitur

350 3324 392 3358 an.
424 3309 487 3361 1531
514 3310 605 3374 prima
632 3311 673 3360 ed.
692 3313 853 3362 Basiliensis
872 3328 906 3363 ex
923 3313 1035 3363 officina
1052 3313 1226 3363 1111111111
1245 3312 1404 3375 «aliquanto
1424 3326 1505 3375 quam
1523 3315 1605 3360 antea

348 3398 405 3443 turn
423 3395 644 3457 magnificentius
662 3400 720 3445 tum
739 3398 942 3458 emaculatiusu;
962 3402 1043 3448 aucta
1061 3402 1104 3448 est
1122 3397 1234 3461 quintae
1253 3395 1366 3444 decadis
1385 3393 1466 3444 111111
1485 3395 1604 3458 quinque
1628 3409 1632 3416 ’

350 3489 434 3541 cquos
461 3479 533 3528 bono
552 3479 670 3541 quodam
689 3481 769 3544 genio
788 3482 818 3531 in
835 3482 903 3531 bibl.
922 3483 1082 3532 monasterii
1100 3481 1242 3532 Lorsensis
1261 3477 1289 3540 (e
1307 3478 1419 3542 regione
1439 3476 1604 3529 Wormatiae

350 3576 366 3610 1
393 3561 490 3612 Oarolo
513 3563 611 3626 Magno
629 3563 762 3613 librorum
780 3565 954 3629 supellectile
972 3567 1115 3628 instructi)
1133 3565 1256 3629 repperit
1274 3563 1367 3613 Simon
1386 3565 1526 3625 (imaeue
1544 3575 1604 3625 pro·

349 3645 482 3695 vehendis
509 3645 671 3696 liberalibus
699 3648 799 3699 studiis
825 3653 932 3699 natust).
975 3651 1078 3699 Iterum
1101 3649 1227 3700 Basileus
1245 3649 1274 3698 iu
1292 3647 1339 3697 off.
1357 3646 1438 3696 1111.
1458 3646 1521 3696 1535
1542 3645 1605 3696 ude·
1657 3683 1661 3690 .

351 3730 433 3778 cades
459 3733 517 3778 tres
546 3744 604 3778 cum
632 3731 757 3792 dimidia,
776 3733 857 3796 longe
880 3737 972 3784 tamen
991 3749 1071 3797 quam
1089 3748 1176 3798 nuper
1195 3731 1422 3782 emaculatioresu
1441 3734 1605 3780 curaverunt

349 3814 450 3862 Beatus
477 3813 621 3863 Bhenanus
646 3819 674 3864 et
696 3817 885 3880 sigismundus
904 3819 1034 3868 Gelenius
1052 3833 1125 3868 nuno
1143 3819 1250 3866 demum
1269 3816 1305 3866 ad
1322 3820 1418 3865 vetera
1436 3815 1604 3878 exemplaria

351 3895 500 3945 collatione
526 3896 663 3947 instituta.
710 3899 871 3951 «Bhenanus
899 3901 1029 3966 diligenti
1046 3903 1143 3952 1111111
1160 3916 1210 3966 per
1228 3899 1347 3964 collegia
1364 3899 1445 3950 simul
1464 3903 1493 3948 et
1510 3913 1604 3949 coeno·

350 3981 397 4029 bia
424 3980 631 4043 conquisitione
658 3984 794 4046 geminum
822 3987 960 4050 exemplar
987 3987 1105 4036 omnium
1134 3988 1181 4050 qui
1200 3990 1295 4035 extant
1312 3983 1385 4033 Livii
1402 3985 1542 4043 librorum,
1560 3999 1605 4034 ex·

350 4069 432 4127 cepta
458 4064 574 4115 dimidia
602 4067 707 4118 decade
734 4070 819 4118 tertia
847 4069 909 4130 (lib.
936 4070 1133 4131 XXI-XXV),
1160 4071 1214 4121 sibi
1233 4067 1409 4132 comparavit,
1429 4081 1461 4118 eo
1480 4067 1605 4131 consilio,

349 4152 381 4197 ut
398 4149 574 4211 praelucente
593 4151 707 4214 antiqua
724 4153 845 4202 lectione
862 4153 974 4204 facilins
992 4155 1152 4205 mendarum
1169 4154 1298 4204 tenebras
1318 4151 1494 4201 discuteret».

417 4231 521 4282 Novom
543 4234 653 4284 omnino
681 4241 744 4286 sunt
773 4239 836 4286 edd.
864 4239 1033 4300 Basiliensis,
1062 4255 1129 4302 quas
1157 4240 1282 4302 sequitur
1298 4235 1399 4285 Aldina
1418 4235 1482 4284 1555
1500 4234 1608 4298 sigonii

350 4315 456 4366 scholia
484 4317 629 4379 exhibens;
656 4324 713 4368 tum
739 4321 983 4374 Franooiurtensos
1011 4329 1040 4373 et
1066 4324 1262 4374 Blrevirianae.
1306 4322 1338 4370 In
1365 4319 1475 4369 illorum
1493 4335 1604 4371 numero

351 4404 415 4449 sunt
441 4402 503 4451 edd.
530 4402 618 4452 Modii
648 4408 677 4452 et
695 4405 813 4466 Gruteri,
832 4407 861 4457 in
879 4408 973 4457 horum
992 4407 1135 4471 utriusque
1153 4404 1292 4458 Gronovii.
1326 4404 1444 4466 Excepit
1460 4404 1510 4455 has
1529 4409 1606 4457 aetas

352 4484 761 4539 (treverio-Drakenborchiana.

688 4691 1234 4744 -φ-ΟΟΟΟῆΟΦΟΟῌ-ω-
1240 4713 1252 4720 .
1257 4711 1272 4719 .-
