3574 5632
349 572 387 628 78
630 574 831 646 Epilegomena
853 574 889 630 ad
912 574 943 628 Τ.
967 574 1039 630 Livii
1061 573 1165 630 librum
1188 575 1319 644 primum.

347 747 412 828 prie
435 754 483 808 est
506 765 663 828 quaerere,
686 753 722 807 ut
744 746 936 820 adsidamus,
960 754 995 808 ut
1018 753 1126 809 nostra
1148 747 1326 810 faciamus».
1360 744 1412 823 29,
1434 745 1465 822 6,
1488 748 1509 808 2
1532 746 1638 826 Spes

347 855 452 910 autem
486 847 692 916 adfectandae
723 845 789 908 eius
818 847 862 908 rei
886 867 924 908 ex
948 847 1075 909 minima
1096 867 1129 908 re
1152 846 1293 922 adfulsit,
1315 848 1393 911 »Die
1416 855 1498 910 erate
1522 846 1636 910 Hoff-

348 968 430 1028 nung
458 949 532 1009 aber
561 967 630 1009 zum
654 947 806 1028 Gelingen
829 949 884 1009 des
907 948 1084 1010 Versuches
1108 949 1167 1029 gab
1191 948 1240 1010 ein
1263 949 1334 1011 sehr
1356 949 1638 1011 unbedeutender

347 1049 531 1111 Umatand».
576 1049 658 1111 Vall.
688 1049 718 1120 2,
741 1045 782 1108 39
813 1047 934 1110 Gallias
963 1068 1057 1130 saepe
1081 1058 1112 1111 et
1135 1049 1363 1111 adfectavimus
1386 1057 1418 1112 et
1440 1049 1631 1112 amisimus,

348 1151 422 1212 Tac.
444 1149 529 1212 Hist.
551 1148 582 1223 l,
605 1148 646 1211 66
669 1148 777 1212 Civilis
800 1149 958 1228 proximas
983 1149 1128 1212 civitates
1151 1150 1310 1212 adfectare
1334 1158 1391 1212 aut
1412 1149 1633 1212 adversanti-

348 1252 406 1314 bus
430 1251 543 1313 bellum
566 1250 678 1313 inferre
701 1250 824 1312 statuit.
869 1249 947 1312 Sall.
971 1249 1037 1332 lug.
1060 1248 1101 1314 66
1124 1249 1279 1325 civitates,
1302 1271 1382 1335 quae
1404 1251 1444 1313 ab
1468 1269 1501 1312 se
1525 1251 1629 1314 defe-

350 1359 466 1424 cerant,
499 1350 662 1413 formidine
690 1358 746 1413 aut
775 1352 962 1412 ostentando
992 1351 1131 1432 praemia
1153 1353 1322 1414 adfectare.
1368 1352 1454 1432 Virg.
1478 1352 1561 1414 Aen.
1588 1352 1630 1423 3,

349 1447 410 1514 670
443 1452 560 1514 Verum
591 1453 643 1514 ubi
671 1451 758 1516 nulla
787 1453 880 1513 datur
902 1452 1015 1514 dextra
1038 1453 1196 1515 adfectare
1219 1460 1371 1533 potestas.
1416 1453 1506 1515 Hanc
1529 1451 1628 1515 illius

349 1553 435 1615 verbi
457 1553 519 1614 vim
542 1551 752 1634 lexicographi
762 1547 988 1633 'neglexerunt

434 1653 490 1727 Ut,
513 1653 565 1715 ubi
588 1652 701 1716 dicitur
723 1673 809 1736 apem
832 1651 1018 1738 adfectandi
1040 1653 1129 1735 reclei
1151 1654 1276 1726 micuit,
1299 1653 1391 1732 nimia
1410 1662 1544 1734 anguste
1558 1673 1624 1716 ac-

351 1761 474 1835 ceptum
508 1761 556 1816 est
590 1752 761 1840 adfectare,
795 1753 840 1815 sic
866 1755 917 1827 21,
940 1749 991 1827 57,
1014 1753 1044 1826 6,
1072 1755 1138 1816 eice
1168 1752 1287 1816 castelli
1315 1755 1523 1839 oppaynaadi
1546 1775 1622 1838 ape,

349 1874 455 1916 vocem
479 1855 687 1939 oppcyaarrdr'
708 1855 808 1918 artius
830 1854 1022 1916 intellectam
1046 1856 1085 1917 ad
1109 1875 1178 1917 eum
1202 1856 1301 1918 locum
1326 1856 1451 1918 docebo.
