3574 5632
375 620 413 676 50
569 581 768 690 Epilegomona
789 615 824 675 ad
847 615 879 676 Τ.
902 617 974 677 nivii
996 619 1099 676 librum
1121 619 1282 678 vicesimum
1303 617 1435 692 primum.

374 811 468 874 equos
502 800 534 855 et
567 802 671 856 castra
703 802 890 874 repeterent,
924 796 1001 858 adeo
1030 795 1128 858 crevit
1154 796 1412 877 persequentibus
1436 793 1570 867 animus,
1593 802 1628 855 ut

373 893 519 956 canaiis
540 913 613 974 spes
646 902 739 968 esset,
772 894 928 976 equitibus
960 895 991 957 in
1021 896 1126 978 fugam
1154 896 1310 970 coniectis,
1334 903 1438 958 eastra
1461 913 1495 956 eo
1519 893 1570 956 die
1593 913 1626 954 se

372 1002 614 1075 oppugnaturos.
657 995 765 1058 Antea
783 995 883 1058 minus
905 997 1040 1059 audaces
1061 997 1093 1058 iu
1117 1016 1225 1077 campo
1247 995 1405 1078 pugnandi
1433 995 1553 1075 copiam
1579 995 1627 1056 fe-

372 1102 489 1158 cerant.
531 1095 644 1177 Itaque
666 1096 860 1176 repudianda
882 1105 931 1158 est
953 1097 1128 1160 emendatio
1151 1097 1207 1160 ilia
1234 1096 1443 1161 Gronoviana.
1466 1131 1507 1140 -
1530 1093 1626 1157 Alte-

371 1215 438 1258 rnm
462 1203 511 1257 est
531 1196 583 1270 40,
606 1197 656 1270 33,
678 1195 699 1259 9
719 1197 852 1259 Flaccus
875 1217 929 1278 per
951 1197 1150 1260 Celtiberiam
1174 1198 1413 1278 populabundus
1430 1195 1626 1276 ducitlcgio-

372 1315 426 1358 nes
449 1296 549 1359 multa
572 1297 703 1360 castella
725 1297 947 1382 oppugnando,
970 1299 1068 1362 donec
1090 1299 1227 1361 maxima
1248 1318 1321 1379 pars
1344 1297 1570 1360 Celtiberorum
1594 1295 1624 1356 in

371 1396 559 1460 deditionem
581 1399 677 1461 venit.
721 1398 774 1462 Sic
795 1398 1029 1472 Weissenborn,
1052 1401 1104 1481 qui
1127 1400 1184 1462 hoc
1207 1399 1385 1462 adnotavit:
1419 1397 1528 1460 »Auch
1557 1396 1626 1458 hier

372 1505 516 1560 erwartet
538 1518 609 1561 man
633 1499 867 1584 repugnando»,
890 1498 986 1562 Gron.
1009 1508 1114 1564 autam
1138 1501 1238 1582 »Lege
1255 1499 1472 1584 repugnavit»,
1494 1497 1625 1577 Madvig

371 1597 519 1679 denique:
540 1601 643 1662 »Fert
666 1600 858 1663 scribendum
882 1621 1092 1685 expugnans»,
1114 1601 1144 1662 in
1169 1603 1216 1663 ed.
1235 1608 1340 1663 autem
1356 1602 1412 1662 dat
1426 1619 1624 1684 oppugnans.

371 1697 417 1773 Si,
439 1707 475 1761 ut
496 1702 644 1775 referunt,
667 1702 733 1763 cod.
755 1703 896 1782 Mogont.
919 1701 1030 1764 habuit
1044 1703 1322 1787 oppnpncodoacc,
1340 1699 1565 1762 verisimillima
1577 1708 1626 1761 est

371 1799 536 1880 scriptura,
569 1821 661 1882 quam
694 1801 825 1881 praebet
850 1802 942 1865 st.
964 1800 1120 1886 (plerique
1147 1811 1252 1866 tamen
1275 1801 1478 1887 oppugnavit,
1502 1800 1623 1878 doner).

371 1899 473 1971 Quam
507 1901 768 1983 oppugnationem
803 1903 968 1966 inultorum
992 1904 1189 1968 castellorum
1213 1911 1322 1966 secuta
1344 1910 1393 1964 est
1414 1901 1532 1965 deditio
1555 1920 1624 1962 ma-

369 2000 472 2064 ximae
495 2001 595 2082 partis
618 2002 853 2077 celtiberorum,
882 2022 949 2066 eam
980 2013 1062 2067 certe
1091 2024 1270 2085 prosperam
1293 2005 1387 2067 fuisse
1410 2003 1489 2064 satis
1512 2021 1568 2081 per
1588 2021 1623 2063 se

370 2109 470 2182 patet,
503 2122 598 2185 quare
630 2103 673 2164 ibi
707 2123 827 2186 quoque
859 2104 890 2166 in
919 2107 1125 2187 oppugnando
1147 2105 1229 2168 inest
1251 2105 1297 2167 vis
1321 2102 1529 2186 expugnandi.
1574 2102 1623 2163 Ac

370 2202 509 2284 gerundii
532 2223 607 2267 usus
630 2205 760 2266 modalis
783 2205 865 2285 apud
888 2205 1011 2269 Livium
1035 2207 1178 2289 frequens
1207 2213 1269 2268 est:
1292 2207 1322 2280 2,
1345 2207 1396 2280 32,
1418 2204 1439 2266 4
1461 2204 1621 2276 sumendo,

370 2303 400 2378 5,
426 2303 478 2379 43,
506 2300 525 2366 7
558 2305 746 2386 indignando
780 2305 991 2387 mirandoque,
1026 2315 1100 2370 cett.
1131 2341 1171 2354 —-
1200 2307 1339 2369 Tertium
1374 2314 1422 2368 est
1454 2305 1506 2378 40,
1528 2298 1622 2377 47,2

369 2404 603 2490 (Sempronius)
626 2407 776 2469 Mundam
800 2408 905 2469 urbem
930 2407 1027 2487 primo
1050 2407 1080 2468 vi
1102 2407 1195 2488 cepit,
1217 2415 1307 2470 nocte
1330 2426 1368 2468 ex
1381 2405 1549 2486 improviso
1565 2405 1622 2466 ad-

369 2524 492 2586 gressus
515 2551 522 2568 .
546 2552 554 2569 .
576 2507 731 2587 praesidio
753 2507 898 2588 imposito
922 2508 1053 2570 castella
1075 2527 1263 2590 oppugnare,
1290 2527 1379 2588 agros
1403 2525 1501 2580 urere,
1525 2506 1621 2568 donec

369 2607 409 2668 ad
442 2606 654 2688 praevalidam
688 2607 795 2670 urbem
829 2607 979 2688 pervenit.
1028 2609 1173 2690 Apparet
1205 2608 1336 2671 castella
1363 2625 1543 2688 oppugnare
1572 2606 1622 2668 hic

367 2707 450 2770 idem
472 2708 577 2772 valere
600 2716 694 2790 atque
717 2727 905 2789 expugnare,
928 2711 1008 2790 quod
1031 2710 1179 2790 scriptum
1199 2707 1470 2772 voluerantGron.
1487 2706 1620 2770 etGrev.

368 2808 467 2870 Nemo
500 2828 573 2872 vcro
605 2808 644 2871 iis
676 2808 842 2872 obsecutus
875 2818 933 2872 est.
982 2810 1087 2873 Minus
1115 2811 1309 2874 abstinentes
1339 2811 1464 2872 fuerunt
1486 2809 1620 2870 editores

368 2909 583 2983 recentissimi,
605 2910 657 2972 nbi
680 2918 825 2991 quartum
849 2911 956 2973 eadem
979 2910 1106 2973 licentia
1128 2931 1202 2974 usus
1225 2918 1274 2974 est
1295 2909 1481 2982 Gronovius,
1504 2909 1556 2984 40,
1570 2909 1618 2982 50,

367 3007 388 3072 6
411 3011 450 3072 ad
473 3010 602 3092 triginta
624 3019 657 3072 et
679 3011 811 3093 quinque
834 3010 920 3074 milia
942 3012 1077 3074 hostiurn
1095 3013 1243 3075 occidisse
1258 3019 1290 3074 et
1306 3019 1410 3074 castra
1424 3029 1620 3095 oppugnasse

368 3109 417 3192 (L.
440 3111 634 3174 Postumium
657 3111 690 3175 in
712 3111 892 3196 Hispania).
937 3111 1038 3184 Quam
1063 3112 1250 3194 scripturam
1273 3132 1311 3176 ex
1334 3113 1400 3176 cod.
1418 3118 1620 3174 servaverant

366 3231 495 3292 priores.

449 3313 495 3376 Ut
529 3332 707 3395 oppugnare
740 3334 835 3395 saepe
870 3315 964 3377 etiam
999 3314 1197 3396 expugnandi
1230 3321 1336 3377 actum
1365 3311 1513 3388 continet,
1536 3311 1618 3374 sice

367 3414 520 3477 contrario
553 3415 584 3476 in
617 3414 763 3494 periocha
790 3435 829 3478 ex
855 3415 909 3477 fib.
938 3413 979 3478 48
1001 3416 1079 3478 haec
1099 3415 1131 3477 in
1154 3415 1223 3478 cdd.
1247 3415 1391 3497 leguntur
1413 3415 1452 3476 de
1474 3412 1619 3494 Scipione

366 3513 532 3578 Africano:
554 3515 585 3576 in
609 3517 898 3598 expugnatione
925 3516 1114 3579 intercatiae
1141 3515 1225 3578 orbis
1248 3515 1348 3578 maius
1371 3514 1542 3577 etiamnum
1566 3533 1619 3595 pe-

365 3614 494 3678 riculum
517 3616 612 3692 adiit3
634 3635 704 3678 narn
729 3637 850 3679 murum
871 3616 989 3697 primus
1011 3616 1214 3679 transcendit.
1260 3617 1319 3680 Est
1339 3615 1436 3696 igitur
1458 3633 1619 3696 expugna-

364 3713 408 3778 tio
431 3734 469 3777 ea
491 3735 595 3798 pugna
616 3715 850 3802 (oppugnatio),
873 3737 935 3798 qna
955 3716 1129 3780 Intercatia
1151 3725 1332 3798 expugnata
1346 3725 1404 3792 est,
1427 3735 1483 3778 nec
1496 3716 1535 3777 ob
1551 3735 1618 3778 earn

364 3833 501 3890 causam,
524 3824 560 3878 ut
582 3817 720 3880 nonnulii
744 3819 893 3892 fecerunt,
915 3817 1111 3880 scribendum
1133 3837 1259 3899 prorsus
1282 3817 1522 3899 oppugnatione.

447 3916 592 3980 Ceterum
625 3920 664 3980 of.
695 3937 774 4000 quae
804 3920 835 3982 in
863 3918 1095 4001 Epilcgomenis
1124 3921 1163 3980 ad
1187 3920 1223 3981 T.
1246 3917 1328 3980 Livii
1351 3919 1461 3980 librum
1484 3915 1618 3997 primurn

362 4036 433 4098 pag.
456 4011 496 4080 77
519 4020 623 4081 monui
645 4020 686 4081 ad
708 4019 825 4082 dictum
847 4020 925 4082 iilud
949 4021 978 4093 l,
998 4019 1051 4093 46,
1073 4022 1093 4082 2
1115 4039 1201 4100 spem
1225 4019 1406 4098 adfectandi
1428 4019 1523 4100 regni.

445 4113 497 4192 57,
519 4117 539 4181 9
567 4115 761 4182 Victumulae
787 4121 972 4196 Mommsen,
1002 4121 1062 4195 Ha,
1084 4121 1176 4184 st.
1199 4121 1247 4183 ed.
1269 4119 1299 4183 6.
1321 4120 1397 4182 wfl.
1425 4117 1620 4182 Victumuicr

362 4219 578 4301 (uictumuias)
601 4221 655 4284 PC
678 4219 770 4284 Grut.
793 4220 890 4284 Gron.
912 4222 998 4302 Mvg.
1026 4220 1195 4284 Vicunna‘as
1219 4222 1246 4284 l.
1270 4221 1299 4282 3.
1322 4222 1406 4301 Mog.
1429 4219 1502 4283 Ald.
1525 4221 1618 4282 Frob.

360 4318 532 4403 (mutatum
563 4336 610 4384 111.
639 4322 670 4383 iu
702 4330 762 4403 111).
807 4322 925 4386 Mentio
958 4323 995 4384 fut
1026 4323 1110 4385 iliius
1143 4321 1203 4385 vici
1238 4321 1319 4384 Pliu.
1343 4342 1373 4383 n.
1395 4321 1426 4383 h.
1449 4321 1501 4396 33,
1522 4321 1554 4396 4,
1578 4315 1618 4382 78

360 4421 477 4483 Exstat
508 4423 558 4485 lex
592 4422 732 4485 censoria
760 4423 1011 4486 victumularum
1041 4422 1234 4486 aurifodinae
1256 4421 1287 4484 in
1311 4421 1503 4486 Verceilensi
1527 4441 1616 4502 agro,

359 4521 466 4584 Strab.
488 4524 518 4598 5,
543 4523 557 4584 l
583 4531 662 4586 extr.
685 4533 741 4586 sut
763 4525 798 4587 ἐν
822 4519 1026 4607 Οὐερκέλλοις
1048 4531 1279 4608 χρυσωρυχετον
1301 4518 1350 4607 ἦν·
1380 4523 1467 4606 κώμη
1495 4521 1524 4584 δ’
1553 4523 1617 4584 ἐστὶ

359 4622 494 4708 πλησίον
524 4619 758 4706 Ἰκτουμούλων,
794 4630 852 4688 καὶ
879 4626 990 4711 ταύτης
1029 4627 1141 4710 κώμης,
1170 4624 1270 4710 ἄμφω
1294 4619 1324 4687 δ’
1344 4624 1404 4688 εἰσὶ
1426 4630 1499 4706 περὶ
1524 4623 1614 4686 Πλα-

359 4731 494 4790 κεντίαν.
517 4728 568 4800 21,
588 4727 641 4799 45,
663 4727 683 4788 3
705 4727 767 4789 ianr
791 4729 902 4791 Stroth
930 4726 1118 4790 Victumulis
1140 4728 1297 4802 restituit,
1327 4726 1379 4788 ubi
1403 4734 1476 4788 aute
1499 4725 1617 4788 Grute-

357 4845 424 4888 rum
448 4849 486 4890 ex
509 4827 578 4890 odd.
606 4823 680 4889 Vico
703 4827 833 4890 tumulis
855 4830 1027 4910 legebatur,
1050 4829 1162 4892 deinde
1184 4849 1257 4891 vero
1286 4827 1482 4891 Victnmot'is.
