3584 5632
485 603 686 677 lipilegomena
708 605 743 660 ad
766 603 799 658 Τ.
822 602 893 660 Livii
916 603 1017 660 librom
1041 603 1172 673 primum.
1416 604 1455 660 69

180 794 206 836 a
245 775 311 838 viro
344 776 497 839 facessere
530 777 615 838 iussa
646 795 684 838 ex
712 783 801 838 tanto
825 775 961 838 tumultu
985 775 1044 838 sibi
1066 777 1170 840 subito
1193 796 1373 858 comparare
1396 799 1456 843 nou

182 878 301 956 potuit
323 877 442 952 Tullia3
471 879 522 958 qui
546 878 667 958 quidem
693 877 821 938 comites
844 877 915 956 ipsi,
937 877 963 938 si
986 879 1171 952 adfuissent,
1194 877 1335 940 Servium
1360 883 1457 943 truci-

184 983 306 1040 datum
330 979 493 1040 ostendere
516 980 699 1052 debuerunt,
722 998 778 1040 nec
801 979 838 1039 de
861 977 969 1059 auriga
991 979 1056 1041 solo
1080 987 1163 1042 esset
1186 979 1301 1042 mentio
1324 981 1419 1042 lacta.

282 1079 332 1152 48,
355 1078 375 1140 6
405 1081 439 1141 in
468 1077 575 1142 collem
604 1077 826 1164 Esquiliarum
854 1081 915 1140 iam
944 1079 975 1141 in
999 1079 1224 1161 antiquissimis
1247 1080 1316 1142 edd.
1339 1081 1457 1146 scribe-

186 1180 300 1253 batur,
323 1180 417 1242 etiam
440 1181 471 1242 in
495 1181 597 1254 Frob,
623 1181 681 1243 etsi
704 1179 823 1242 monuit
845 1179 1015 1242 Rhenanus
1037 1179 1272 1264 Esquiliure‘am
1290 1201 1358 1244 esse
1372 1183 1458 1245 anti-

189 1299 289 1361 quam
313 1281 488 1355 lectionem,
510 1282 531 1342 i.
554 1302 579 1343 e.
603 1283 669 1344 cod.
693 1282 800 1342 Vorm.
824 1278 888 1364 (ed.
911 1282 1003 1343 Frob.
1027 1300 1087 1343 nou
1109 1283 1217 1345 addito
1240 1301 1321 1344 anno
1335 1303 1457 1364 semper

188 1381 337 1462 intelligo
371 1401 420 1445 an.
459 1382 563 1464 1535).
611 1381 763 1445 Similiter
795 1401 867 1444 vcro
900 1381 951 1456 51,
978 1383 990 1443 l
1022 1382 1177 1445 emulatus
1204 1382 1277 1468 (pro
1306 1383 1457 1468 aricinos)

191 1482 309 1544 saltem
342 1483 373 1545 in
402 1483 428 1544 P
457 1493 514 1545 est.
558 1481 779 1568 Esquiliarum
807 1481 911 1566 (qu.)
934 1483 1027 1546 etiam
1052 1483 1075 1546 S
1098 1491 1194 1547 tenet.
1238 1484 1387 1546 lnaudita
1409 1495 1457 1548 est

192 1583 299 1646 altera
321 1584 421 1646 forma
443 1584 618 1665 nulliusque
641 1585 721 1646 fidei.

282 1682 333 1758 49,
361 1684 381 1747 9
409 1705 529 1769 perque
561 1705 613 1747 eos
645 1685 774 1768 nuptias
806 1684 897 1746 lectio
927 1691 975 1746 est
1004 1685 1096 1748 valde
1118 1693 1274 1766 suspecta.
1318 1685 1456 1749 Primum

197 1785 278 1847 enim
307 1807 365 1869 que
393 1806 461 1848 cum
491 1787 720 1866 praepositione
748 1785 962 1866 monosyllaba
992 1786 1171 1866 copulatum
1199 1785 1316 1848 insoliti
1339 1787 1457 1868 aliquid

195 1887 303 1960 habet,
336 1888 450 1969 quippe
484 1889 564 1968 qnod
597 1888 628 1949 iu
663 1888 769 1968 primis
798 1886 878 1949 Livii
907 1886 994 1947 libris
1018 1887 1107 1949 unius
1130 1887 1171 1949 sit
1194 1887 1337 1967 exempli.
1382 1888 1456 1950 Vid.

195 1988 335 2068 Draeger
357 1988 440 2050 Hist.
464 1989 554 2069 Synt.
578 1989 593 2071 t
615 1988 687 2052 314.
730 1988 850 2050 Deinde
879 2007 970 2067 »per
993 2007 1056 2049 eas
1079 1988 1237 2068 nuptias
1261 1988 1374 2050 multos
1397 1989 1456 2051 sibi

196 2089 358 2150 conciliat»
392 2089 500 2151 dubito
534 2108 605 2150 num
636 2091 713 2151 bene
746 2089 842 2150 latine
866 2089 997 2149 dicatur.
1043 2089 1159 2150 Verum
1183 2089 1305 2170 quidem
1330 2099 1379 2152 cst
1401 2110 1455 2170 pro

196 2189 335 2252 ablativo
357 2189 567 2262 instrumenti,
591 2191 642 2271 qni
665 2197 803 2262 vocatur,
827 2209 885 2250 non
910 2190 1007 2251 solum
1033 2191 1070 2251 de
1087 2189 1273 2263 hominibus,
1291 2191 1455 2254 sedetiam

197 2290 236 2352 de
269 2291 361 2352 rebus
395 2290 655 2371 praepositionem
683 2291 768 2352 illam
797 2292 828 2352 iu
853 2309 908 2352 usu
932 2309 1009 2362 esse,
1033 2297 1174 2354 attamen
1197 2299 1283 2354 certa
1305 2292 1457 2354 termina-

197 2391 291 2464 tione,
325 2401 360 2454 ut
393 2411 453 2454 non
487 2399 552 2454 tam
586 2392 616 2454 id
645 2392 844 2472 significetur,
873 2410 932 2471 quo
961 2391 1030 2472 quis
1058 2393 1138 2472 quod
1162 2391 1239 2454 velit
1261 2400 1456 2474 assequatur,

198 2510 290 2572 quam
325 2493 436 2574 quibus
469 2493 568 2555 modis
602 2494 632 2554 id
662 2500 858 2573 assequatur,
892 2511 951 2573 quo
981 2494 1094 2566 animo,
1117 2512 1179 2573 qua
1200 2500 1268 2554 arte
1291 2493 1359 2574 quis
1382 2494 1455 2575 quid

197 2593 305 2667 faciat,
333 2594 364 2655 in
396 2613 457 2675 qua
484 2613 585 2656 rerum
614 2594 790 2656 condicione
814 2593 930 2673 aliquid
952 2593 1024 2668 tiat;
1053 2612 1147 2676 quare
1170 2593 1299 2656 circuitu
1322 2593 1454 2674 plurium

197 2695 359 2757 verborum
392 2714 486 2775 saepe
515 2715 552 2756 ea
574 2703 781 2776 exponuntur,
803 2713 882 2775 quae
906 2693 1041 2776 alioquin
1064 2695 1220 2756 adverbiis
1243 2695 1455 2757 enuntiantur.

197 2795 342 2876 Exempli
375 2796 477 2877 gratia
510 2797 649 2858 adieram
683 2796 734 2870 21,
756 2794 849 2870 63,4
877 2795 940 2857 Res
968 2815 1023 2873 per
1051 2814 1203 2857 summam
1227 2795 1453 2860 contentionem

197 2903 270 2958 acta
297 2897 446 2959 invidiam
470 2898 600 2978 peperit,
622 2897 674 2970 42,
696 2891 748 2970 47,
774 2897 787 2956 l
813 2897 942 2976 decepto
966 2915 1020 2976 per
1042 2895 1183 2958 inducias
1206 2904 1239 2958 et
1260 2916 1346 2977 spem
1370 2897 1456 2978 pacis

198 3016 278 3078 rege.
313 2998 361 3061 Cf.
391 3018 446 3078 per
472 2998 612 3072 insidias,
641 2998 808 3078 perfidem
833 2997 1056 3071 circumveniri,
1079 2997 1169 3060 Caes.
1193 2999 1223 3060 b.
1246 2996 1286 3060 G.
1312 3000 1339 3070 l,
1361 2998 1403 3059 42
1425 3006 1458 3061 et

198 3097 248 3160 46.
282 3100 330 3160 Ea
353 3107 469 3172 autem,
492 3099 529 3160 de
553 3119 612 3180 quo
635 3099 803 3179 quaeritur,
827 3098 940 3161 locutio
964 3099 1126 3179 quominus
1143 3099 1300 3178 probetur,
1323 3099 1457 3162 maxime

198 3199 419 3280 impedimento
452 3208 500 3261 cst
522 3219 688 3278 pronomen
712 3221 773 3272 ece,
797 3219 857 3280 quo
880 3201 918 3260 de
938 3200 1035 3279 *certis
1059 3200 1243 3280 quibusdam
1267 3208 1299 3262 et
1321 3200 1457 3262 delinitis

200 3301 317 3381 nuptiis
346 3320 446 3364 sermo
473 3301 615 3362 infertur.
659 3301 749 3374 Tum,
778 3300 829 3361 ubi
858 3301 971 3362 dicitur
994 3301 1109 3363 amicos
1132 3301 1198 3363 eius
1220 3300 1279 3362 sibi
1303 3301 1457 3374 conciliat,

200 3402 300 3464 minus
323 3410 397 3484 apte
419 3403 450 3464 in
474 3403 580 3465 eodem
604 3402 765 3464 enuntiato
789 3421 843 3482 per
866 3401 992 3481 nuptias
1014 3401 1045 3462 id
1064 3403 1181 3464 factum
1203 3403 1346 3477 refertur,
1364 3421 1455 3482 quam

199 3523 254 3583 per
276 3503 440 3576 hominem,
464 3502 587 3566 etiamsi
608 3503 635 3564 is
658 3512 732 3566 ante
755 3503 932 3564 nominatus
955 3510 1012 3564 est.

283 3605 370 3666 Haec
402 3613 450 3666 tot
483 3611 634 3685 tantaque
661 3605 855 3666 incommoda
883 3603 1042 3677 tollentur,
1065 3605 1091 3665 si
1114 3605 1234 3666 codices
1256 3611 1339 3666 recte
1361 3603 1457 3666 iutel-

200 3705 375 3768 lexerimus.
419 3706 499 3767 Nam
536 3704 594 3780 hic,
629 3713 663 3767 ut
696 3724 790 3784 saepe
818 3706 907 3776 alias,
936 3706 969 3765 M
998 3713 1030 3766 et
1052 3705 1237 3784 transalpini
1260 3715 1377 3766 rectum
1401 3713 1458 3767 aut

200 3806 331 3886 vestigia
353 3806 429 3868 recti
452 3814 625 3868 servarunt.
670 3806 730 3868 Est
753 3805 832 3868 enim
856 3806 887 3868 in
911 3806 943 3866 M
962 3824 1045 3890 nque
1067 3827 1151 3868 eneas
1173 3806 1312 3890 nuptias,
1331 3806 1383 3867 ubi
1396 3827 1458 3890 per

201 3929 289 3992 quem
312 3929 363 3970 ece
385 3907 514 3991 nuptias
536 3915 609 3970 ante
632 3907 780 3986 scriptum
806 3907 901 3969 fuisse
925 3907 1118 3988 perspicuum
1137 3914 1202 3982 est;
1223 3907 1250 3968 is
1267 3906 1346 3969 enim
1361 3907 1457 3968 libra-

200 4010 263 4071 rins
296 4028 390 4088 saepe
424 4027 585 4088 perperam
619 4008 735 4080 divisit,
769 4008 855 4070 cuius
889 4009 1000 4070 erroris
1034 4008 1177 4088 exempla
1208 4009 1278 4070 vide
1301 4008 1340 4069 ad
1363 3999 1457 4082 47,5

200 4110 316 4175 t’ratris.
359 4110 481 4171 Fatalis
511 4109 628 4171 illam.
652 4111 680 4170 2.
704 4109 782 4192 (vid.
807 4129 836 4187 p.
859 4103 895 4190 7)
917 4131 948 4169 m
971 4111 1010 4171 ad
1034 4129 1166 4190 sequens
1188 4109 1314 4170 verbum
1338 4116 1457 4172 retrac-

200 4219 264 4272 tum
290 4212 415 4284 delevit,
438 4218 473 4271 ut
496 4211 649 4290 legeretur
666 4230 786 4293 perque
807 4231 868 4272 ecs.
903 4210 1079 4291 Numquam
1102 4229 1174 4271 vero
1198 4211 1334 4272 futurum
1350 4209 1457 4281 fuisse,

201 4320 236 4373 ut
257 4335 288 4373 m
310 4313 386 4374 illud
410 4313 586 4384 adderetur,
609 4311 667 4372 nisi
691 4311 817 4373 altiores
842 4310 962 4373 radices
984 4311 1108 4391 egisset,
1131 4331 1185 4391 pro
1209 4318 1293 4374 certo
1310 4311 1458 4372 adfirma-

200 4413 306 4474 verim.
350 4413 410 4474 Est
437 4412 532 4493 igitur
559 4412 674 4492 duplex
697 4412 862 4492 scriptura,
885 4412 993 4492 quales
1016 4411 1132 4474 multae
1155 4412 1186 4474 in
1209 4413 1243 4474 M
1265 4418 1349 4484 sunt,
1371 4410 1458 4472 velut

203 4513 230 4586 l,
252 4515 303 4586 23,
326 4514 346 4576 6
375 4515 529 4594 prodeunt
562 4513 743 4593 procedunt,
776 4507 870 4585 27‚8
899 4513 1014 4592 erigere
1043 4512 1196 4594 erigerent
1224 4512 1342 4584 iubeat,
1364 4504 1458 4584 30,7

201 4615 261 4677 t'uit
292 4615 401 4677 valuit.
445 4615 510 4676 Eae
534 4633 606 4675 vero
628 4613 858 4695 dittographiae
882 4633 1110 4693 nonnumquam
1134 4622 1208 4676 sunt
1229 4611 1457 4694 sospitatrices:

200 4717 230 4788 2,
253 4715 303 4789 34,
328 4716 363 4778 ll
390 4734 428 4776 ex
450 4715 675 4796 antiquissimis
698 4714 888 4794 temporibus
911 4715 1002 4794 vulgo
1024 4715 1159 4777 dabatur
1180 4723 1458 4788 utcatorcmeonc,

201 4818 298 4880 donec
325 4817 534 4880 innotesceret
556 4817 590 4878 M
606 4815 766 4902 fraenatur
787 4825 918 4878 utantur
940 4836 1065 4879 canona
1086 4815 1174 4898 (nam
1199 4817 1236 4879 de
1260 4816 1326 4878 cod.
1349 4815 1458 4878 Vorm.
