3584 5632
508 595 709 666 Epilegomena
730 597 765 652 ad
789 595 821 650 F.
846 595 918 652 Livir
941 597 1044 652 librum
1066 600 1195 667 primunr.
1442 601 1481 658 28

221 767 320 848 ipsius
355 765 468 847 aperiri
500 765 591 828 facile
620 767 733 846 potuit.
777 767 852 829 Alia
873 786 923 830 res
946 777 995 832 est
1017 769 1096 849 Nep.
1119 770 1214 832 Paus.
1238 771 1268 844 5,
1290 771 1310 832 5
1333 792 1371 834 ex
1394 773 1483 836 vultu

222 868 382 932 cniusdam
417 867 533 947 ephori,
568 868 620 949 qui
649 888 717 930 eum
746 869 904 931 admoneri
934 870 1090 950 cupiebat,
1111 870 1242 933 iusidias
1265 873 1322 934 sibi
1346 874 1411 936 fieri
1433 875 1484 936 in·

221 969 355 1032 tallcxit.
400 969 496 1030 Iidem
531 969 662 1043 codices,
697 970 748 1050 qui
780 970 831 1031 hic
860 972 980 1054 aperiri
1008 972 1167 1047 exhibent,
1194 975 1219 1046 Ι,
1243 975 1293 1048 21,
1318 974 1333 1034 l
1358 973 1483 1050 violari,

222 1072 303 1152 quod
337 1069 475 1149 apertius
509 1070 621 1132 falsum
656 1078 714 1143 est,
745 1078 881 1133 tuentur.
925 1073 1019 1134 Haud
1043 1073 1134 1134 aliter
1157 1074 1204 1135 ed.
1228 1075 1320 1136 Frob.
1343 1077 1482 1157 Madvig,

222 1179 258 1234 nt
280 1171 464 1233 infinitivum
489 1173 646 1250 passivum
671 1173 830 1244 defendat,
853 1174 893 1233 ad
915 1173 984 1235 Em.
1008 1173 1049 1234 38
1071 1172 1117 1257 (p.
1139 1173 1182 1236 44
1204 1176 1251 1236 ed.
1275 1173 1322 1258 2.)
1345 1176 1483 1257 legentes

223 1273 357 1354 delegat,
389 1272 432 1332 ibi
468 1291 539 1334 vero
572 1292 621 1334 res
655 1273 881 1334 diversissimas
911 1282 1082 1348 enumerat,
1111 1274 1187 1336 nihil
1216 1276 1254 1338 de
1277 1295 1368 1362 sensu
1391 1278 1483 1340 huius

221 1373 279 1436 loci
303 1381 461 1436 memorat.

306 1475 336 1546 5,
359 1474 378 1536 6
401 1484 429 1535 et
451 1483 581 1536 oetatem
603 1495 718 1536 eoram.
760 1476 922 1555 Copulam,
945 1496 1024 1558 quae
1046 1476 1076 1538 in
1101 1477 1243 1540 omnibus
1260 1479 1328 1541 cdd.
1344 1479 1483 1560 exceptis

222 1575 410 1638 Florentinis
444 1584 517 1637 ante
550 1576 681 1638 similem
716 1577 880 1658 syllabam,
909 1585 944 1639 ut
973 1579 1018 1651 lit,
1048 1579 1173 1652 excidit,
1197 1580 1390 1659 aptissimam
1416 1601 1482 1644 esse

223 1677 328 1739 docuit
351 1676 504 1740 Gronovis
527 1677 689 1760 (Ioannem
713 1678 903 1740 Fridericum
927 1679 1066 1760 intelligo
1091 1679 1141 1741 ubi
1159 1680 1343 1760 simpliciter
1365 1681 1480 1743 dictum

223 1777 297 1860 est).
341 1778 545 1839 Permutatus
579 1798 698 1860 quoque
732 1781 805 1842 ordo
834 1780 995 1842 verborum
1026 1778 1146 1862 (eorum
1172 1786 1326 1862 aetatem)
1348 1782 1420 1844 inde
1442 1783 1483 1846 ab

222 1878 306 1942 Aldo
329 1879 516 1941 obtinuerat.

306 1979 378 2054 5‚6
412 1979 517 2042 eodem
545 1981 688 2064 pervenit
720 2000 847 2060 »nempe
881 1981 1025 2043 Numitor
1053 1983 1091 2042 ed
1122 1982 1326 2062 suspicionem
1351 1983 1481 2046 similem

223 2082 289 2160 spei
318 2081 383 2142 sive
407 2080 542 2161 opinioni
565 2081 736 2155 Faustuli»,
759 2081 922 2157 Duiatius;
945 2082 1081 2157 »eodem,
1104 2103 1163 2164 quo
1185 2084 1383 2158 Faustulus»,
1406 2085 1483 2148 Cre-

222 2183 303 2258 vier;
338 2183 475 2253 neodem,
507 2191 594 2261 puta,
629 2202 687 2263 quo
715 2183 776 2244 iarn
807 2190 902 2246 antea
930 2192 1115 2263 pervenerat
1136 2184 1337 2265 suspicione»,
1360 2186 1482 2249 Kleine.

223 2283 287 2365 »By
310 2283 353 2344 all
376 2283 429 2346 the
451 2282 599 2364 inquiries
621 2284 660 2345 he
682 2285 772 2344 made
795 2283 833 2344 he
857 2291 998 2345 cameto
1021 2285 1074 2346 the
1098 2285 1271 2348 conclusion
1296 2284 1334 2348 he
1356 2286 1408 2348 did
1427 2288 1483 2348 be-

224 2387 298 2458 fore,
327 2385 400 2446 that
427 2384 502 2466 they
529 2404 608 2447 were
634 2385 684 2446 his
706 2384 954 2464 grandchildren,
977 2405 1011 2447 so
1034 2386 1105 2447 that
1127 2385 1166 2448 he
1188 2406 1251 2448 vas
1274 2407 1349 2448 near
1371 2388 1483 2470 openly

225 2485 477 2566 acknovledging
505 2486 617 2560 thern»,
648 2485 854 2548 Prendeville.
899 2467 1059 2566 Corripere
1082 2507 1115 2549 eo
1138 2486 1210 2549 dein
1227 2489 1371 2572 peruenit
1393 2489 1483 2551 volu-

224 2596 316 2649 erunt
348 2586 484 2667 Lipsius,
518 2586 715 2660 Gebhardus,
739 2586 809 2662 alii3
832 2607 865 2648 eo
889 2586 1012 2649 demum
1033 2588 1187 2671 pervenit,
1211 2591 1291 2670 quod
1314 2609 1382 2651 sero
1406 2589 1483 2652 Gre-

224 2689 288 2751 vier
311 2687 470 2750 Perizonio
494 2707 601 2750 ansam
626 2688 795 2767 praebente
818 2687 958 2761 coniecit,
976 2689 1186 2767 probaverunt
1202 2689 1345 2769 Ruperti,
1361 2689 1483 2764 Stroth,

222 2789 376 2861 Lemaire,
411 2788 474 2862 alii,
506 2789 537 2850 in
572 2789 683 2869 quibus
715 2788 950 2862 Drakenborch,
979 2789 1030 2870 qui
1058 2789 1165 2852 itidem
1189 2810 1244 2869 pro
1267 2791 1483 2871 supplemento

223 2890 300 2953 haec
329 2889 465 2952 addidit:
498 2890 724 2952 »Praelerenda
753 2910 833 2951 nuno
856 2897 904 2952 est
926 2889 1074 2952 Crevierii
1097 2891 1265 2965 sententia,
1288 2911 1356 2954 cunr
1379 2891 1483 2972 plane,

224 2991 481 3073 quemadmodum
514 2991 654 3064 coniecit,
681 2989 850 3053 invenerim
879 2991 909 3052 in
933 2991 1016 3053 Flor.
1040 3001 1071 3053 et
1094 2992 1169 3054 Lov.
1192 2994 1233 3066 3.,
1257 3012 1385 3074 quorum
1409 3011 1483 3054 con-

223 3094 420 3155 sulendorum
455 3091 480 3152 si
514 3099 608 3154 antea
642 3092 731 3172 copia
763 3093 850 3154 facta
883 3091 1004 3166 fnisset,
1032 3092 1080 3154 ita
1108 3093 1201 3154 etiarn
1227 3093 1275 3156 edi
1299 3112 1482 3156 curassem».
1594 3160 1598 3168 ,

223 3193 404 3274 Adscripsit
426 3193 505 3254 enirn
530 3213 567 3254 ea
589 3192 643 3277 (de
666 3192 806 3254 Medioeo
829 3192 994 3276 deceptus)
1016 3193 1047 3255 in
1071 3194 1272 3256 adnotatione
1295 3195 1334 3255 ad
1358 3194 1409 3268 32,
1434 3194 1483 3268 14,

223 3298 253 3370 2,
283 3295 335 3358 ubi
365 3295 403 3356 de
431 3293 645 3376 Amynandro,
680 3293 892 3355 Athamanum
921 3313 1004 3372 rege,
1032 3294 1241 3356 &manorum
1264 3295 1294 3356 in
1318 3294 1484 3358 Thessalia

224 3397 316 3469 socio,
339 3401 447 3457 narrat
468 3394 575 3456 Livius
599 3415 678 3476 qnae
701 3401 886 3475 sequuntur:
909 3394 1003 3456 »Inde
1026 3394 1186 3476 Gomphos
1209 3396 1347 3469 adortus,
1365 3403 1484 3476 etpost

224 3498 343 3578 aliquot
376 3495 441 3558 dies
475 3515 597 3558 summa
630 3496 660 3556 vi
694 3503 818 3558 tuentes
847 3495 965 3568 urbem,
995 3515 1062 3558 curn
1088 3495 1150 3558 iarn
1174 3497 1276 3558 scalas
1298 3497 1338 3557 ad
1361 3495 1484 3559 moenia

225 3597 385 3670 erexisset,
419 3598 547 3660 eodem
582 3604 667 3658 metu
694 3596 831 3676 perpulit
853 3597 892 3657 ad
917 3595 1132 3659 deditionem».
1177 3594 1246 3667 Quo
1271 3597 1393 3678 quidem
1417 3597 1483 3660 loco

224 3699 431 3762 coniecturam
454 3698 539 3760 illam
563 3719 597 3761 eo
620 3698 743 3760 deman»
765 3705 847 3760 meta
869 3706 1052 3777 receperunt
1074 3717 1141 3759 cunr
1166 3698 1220 3759 alii
1242 3705 1308 3760 tum
1320 3698 1483 3762 Weissen-

224 3801 300 3863 born
330 3806 363 3860 et
389 3799 527 3880 Madvig.
570 3799 639 3861 Hoc
660 3799 755 3879 igitur
777 3805 934 3861 narratum
960 3806 1042 3860 erat:
1070 3799 1131 3868 Per
1153 3799 1273 3881 aliquot
1295 3798 1361 3861 dies
1383 3798 1483 3862 Gom-

224 3902 357 3982 pheuses
389 3899 451 3960 iarn
485 3919 607 3962 summa
639 3900 669 3962 vi
696 3900 802 3961 urbem
833 3899 1046 3972 defenderant,
1075 3920 1143 3962 oum
1172 3900 1276 3962 scalae
1299 3901 1339 3961 ad
1362 3899 1484 3964 moenia

225 4009 347 4064 erectae
370 4008 453 4075 sunt,
477 4021 538 4083 qna
560 4001 692 4082 denique
715 4020 747 4062 re
770 3999 926 4081 perterriti
949 4020 982 4062 se
1006 4001 1201 4073 dediderunt,
1224 4000 1284 4074 vel,
1307 4008 1342 4062 nt
1361 4001 1483 4063 aitPe-

223 4102 368 4176 rizonius,
390 4110 503 4177 »metu,
527 4121 615 4183 quem
640 4103 779 4164 fecerant
802 4101 933 4181 denique
957 4109 1078 4164 erectae
1099 4102 1162 4163 iam
1183 4102 1297 4176 scalae,
1318 4108 1391 4164 ante
1407 4121 1483 4182 quas

225 4211 345 4266 erectas
374 4203 459 4264 nulla
488 4203 551 4265 alia
578 4223 627 4266 res
650 4209 772 4264 tanturn
795 4201 857 4263 illis
880 4209 995 4264 metum
1019 4203 1157 4265 incutere
1180 4210 1315 4282 poterat,
1338 4210 1373 4265 ut
1395 4201 1483 4264 dedi-

224 4305 338 4368 tionem
362 4305 528 4366 sacerent».
573 4303 645 4374 Qua
668 4302 788 4385 quidem
813 4302 843 4363 in
867 4322 910 4375 re,
932 4303 997 4365 sive
1020 4324 1054 4366 eo
1077 4303 1200 4365 demum
1222 4303 1288 4366 sive
1304 4324 1338 4365 eo
1352 4303 1484 4387 denique

225 4406 329 4486 aptius
359 4413 417 4480 est,
440 4413 522 4468 certe
545 4405 651 4467 eodem
673 4404 745 4466 ferri
768 4422 828 4465 non
851 4410 966 4482 potest,
989 4423 1026 4466 ac
1047 4404 1100 4465 vix
1122 4404 1221 4484 magis
1243 4404 1301 4466 hoo
1322 4404 1423 4484 ipsum
1448 4423 1483 4466 eo

225 4509 301 4580 loco,
325 4527 344 4568 a
366 4526 425 4588 quo
448 4505 508 4568 orsi
532 4526 648 4568 somus.
681 4504 819 4567 Primum
843 4503 923 4567 enirn
947 4504 1060 4567 dicitur
1081 4506 1252 4568 Faustulus
1269 4504 1484 4567 rationetem-

225 4607 307 4688 poris
330 4607 449 4680 habita,
473 4627 531 4689 quo
554 4609 691 4669 infantes
713 4605 902 4678 sustulisset,
925 4605 1041 4686 regiam
1066 4627 1132 4668 esse
1154 4606 1283 4687 stirpem
1307 4606 1484 4686 suspicatus

225 4729 303 4783 esse,
337 4708 447 4770 deiude
476 4709 557 4772 sorte
585 4717 617 4771 et
638 4707 784 4770 Numitor
805 4705 926 4769 ratione
948 4707 1097 4787 temporis
1118 4707 1238 4781 habita,
1261 4726 1320 4788 qno
1343 4706 1410 4769 nati
1433 4726 1484 4769 es-

224 4817 306 4883 sent,
338 4809 370 4872 iu
399 4810 528 4872 eandem
557 4809 730 4890 opinionem
758 4807 896 4870 venisse:
918 4807 977 4870 hoc
998 4807 1092 4892 igitur
1115 4808 1233 4889 pariter
1255 4807 1378 4889 utrique
1400 4807 1484 4870 acci-
