3584 5632
365 624 402 679 18
644 625 846 696 Epilegomena
867 626 903 682 ad
926 625 957 681 T.
981 626 1053 682 Livii
1075 627 1179 682 librum
1200 627 1331 696 primum.

361 793 423 858 lior
444 817 538 879 quam
555 797 657 879 patri,
686 817 774 878 quae
792 799 898 860 eadem
923 805 971 859 est
992 799 1177 878 reliquorum
1202 799 1339 861 codicum
1363 807 1458 881 atque
1478 799 1620 862 omnium

361 905 434 959 ante
456 896 565 958 Alsch.
589 898 768 959 editionum.
813 897 903 960 Illum
927 906 1031 961 tamen
1055 900 1192 980 plerique
1215 901 1402 979 posteriores
1418 901 1621 973 1111111111,

361 1006 454 1079 atque
488 999 565 1060 adeo
601 999 821 1061 Weissenborn
850 1000 881 1061 in
909 1000 1084 1062 novissimis
1110 1001 1233 1062 demum
1257 1001 1326 1063 edd.
1349 1000 1488 1064 Genitivi
1512 1009 1620 1063 autem

359 1099 409 1160 1111
438 1106 473 1160 111
499 1107 709 1174 assumantur,
731 1121 769 1161 ne
792 1101 825 1160 M
849 1101 970 1180 quidem
994 1121 1026 1162 re
1048 1121 1123 1162 vera
1144 1101 1240 1174 iubet,
1263 1103 1375 1164 nedum
1399 1102 1518 1183 reliqui.
1563 1103 1620 1163 Iu-

359 1200 452 1261 betne
470 1199 552 1261 Livii
569 1200 690 1262 dicendi
708 1201 920 1262 consuetudo?
942 1201 1069 1263 Minime
1081 1221 1163 1263 vero.
1196 1202 1232 1262 In
1245 1202 1477 1280 pronominibus
1491 1203 1617 1284 quidem

358 1301 386 1362 is
408 1301 513 1381 utitur¹
530 1301 680 1380 genitivo:
703 1301 733 1374 3,
755 1300 785 1374 9,
807 1301 828 1362 8
850 1303 875 1364 11
900 1323 989 1383 quem
1012 1303 1143 1364 similem
1167 1301 1232 1364 eius
1256 1303 1298 1364 dii
1313 1304 1482 1376 dedissent,
1498 1305 1549 1376 22,
1565 1301 1619 1376 39,

363 1404 375 1462 1
402 1401 549 1481 collegam
573 1401 619 1462 tui
641 1401 783 1474 similem,
806 1405 856 1475 22,
879 1402 930 1476 60,
954 1401 993 1464 18
1016 1422 1142 1483 quorum
1167 1403 1193 1464 si
1217 1403 1310 1465 ceteri
1333 1404 1449 1466 similes
1473 1404 1617 1478 fuissent,

359 1502 409 1575 21,
433 1502 483 1574 54,
506 1502 526 1563 3
553 1503 649 1563 vestri
672 1503 788 1564 similes
811 1504 925 1583 eligite,
948 1502 999 1576 26,
1022 1504 1072 1576 50,
1096 1497 1115 1564 7
1138 1505 1218 1564 scias
1242 1505 1355 1566 multos
1379 1505 1476 1566 nostri
1499 1505 1617 1566 similes

357 1603 389 1664 in
424 1603 551 1664 civitate
584 1603 726 1664 Romana
759 1623 836 1666 1111.
879 1605 1046 1666 Nominum
1076 1605 1219 1684 exempla
1247 1613 1320 1667 sunt
1346 1608 1372 1678 1,
1395 1607 1446 1680 20,
1468 1607 1487 1666 2
1510 1606 1615 1685 plures

358 1703 482 1766 Romuli
510 1723 601 1784 quam
628 1705 750 1765 Numae
773 1705 888 1766 similes
910 1725 1009 1784 reges,
1031 1707 1061 1778 3,
1083 1703 1134 1778 46,
1156 1704 1177 1767 4
1199 1706 1383 1767 denuntiare
1406 1727 1439 1768 se
1462 1706 1548 1767 Icilio
1571 1707 1614 1767 si·

359 1805 543 1885 milibusque
569 1805 659 1878 Icilii,
688 1806 717 1878 3,
739 1804 790 1878 64,
812 1805 833 1866 8
855 1806 1020 1867 dissimiles
1043 1807 1294 1868 decemvirorum.
1339 1807 1401 1869 Sed
1426 1807 1524 1886 magis
1548 1827 1614 1868 om-

358 1905 429 1966 nino
459 1906 499 1966 ad
527 1925 614 1966 usum
638 1907 736 1967 dativi
758 1907 906 1968 inclinare
928 1907 1065 1968 videtur:
1091 1907 1118 1981 1,
1140 1908 1191 1979 22,
1214 1909 1234 1967 2
1256 1907 1366 1969 Tullus
1388 1908 1527 1987 proximo
1550 1907 1614 1988 regi

358 2006 526 2078 dissimilis,
559 2008 590 2080 3,
611 2005 662 2080 65,
684 2005 705 2067 9
732 2007 758 2067 11
785 2007 901 2068 similes
929 2007 1015 2068 Icilio
1043 2007 1183 2068 tribunos
1212 2007 1352 2082 haberet,
1381 2009 1410 2082 4,
1434 2010 1463 2081 3,
1488 2007 1614 2070 1611111

357 2126 458 2188 posse,
492 2114 527 2168 ut
555 2108 602 2169 vir
628 2108 718 2169 fortis
746 2128 782 2169 ac
810 2115 965 2182 strenuus,
993 2128 1070 2187 pace
1092 2108 1234 2189 belloque
1257 2108 1365 2182 bonus,
1389 2129 1427 2171 ex
1450 2109 1539 2188 plebe
1563 2108 1614 2182 sit,

357 2207 489 2281 Numae,
519 2209 554 2269 L.
584 2208 763 2288 Tarquinio,
793 2209 859 2271 Ser.
888 2209 990 2270 Tullio
1013 2209 1133 2283 similis,
1154 2208 1184 2281 4,
1208 2207 1237 2281 9,
1260 2209 1280 2270 8
1302 2210 1394 2288 pulsa
1415 2209 1514 2290 plebs,
1537 2209 1613 2270 nihil

356 2308 516 2370 Romanae
546 2309 629 2389 plebi
655 2309 774 2382 similis,
797 2310 827 2382 5,
850 2309 900 2383 36,
925 2311 939 2370 l
965 2310 1053 2371 Mitis
1076 2310 1200 2390 legatio,
1223 2309 1255 2370 ni
1277 2312 1471 2389 praeferoces
1494 2311 1613 2391 legatos

358 2409 519 2490 Gallisque
542 2411 640 2489 magis
664 2430 754 2491 quam
778 2411 926 2472 Romanis
950 2410 1065 2471 similes
1088 2410 1281 2484 habuissent,
1306 2411 1336 2484 5,
1358 2411 1408 2485 28,
1431 2411 1504 2473 3111
1527 2431 1613 2472 surn-

357 2531 406 2572 1111
436 2507 622 2591 magistratu
649 2518 717 2572 erat
739 2511 949 2572 Timasitheus
972 2511 1107 2591 quidam,
1129 2511 1278 2572 Romanis
1301 2511 1347 2572 vir
1370 2512 1497 2573 similior
1520 2531 1613 2592 quam

357 2611 431 2684 suis,
453 2612 516 2674 ibm
540 2612 554 2694 ξ
577 2612 597 2672 4
620 2631 699 2691 quae
721 2611 920 2695 (multitudo)
944 2632 1065 2690 semper
1088 2613 1182 2673 ferme
1205 2612 1323 2691 regenti
1348 2613 1537 2675 estsimilis.
1576 2613 1611 2674 In

356 2713 394 2774 iis
426 2733 509 2787 vero,
543 2733 622 2794 quae
655 2714 711 2774 sub
740 2733 848 2774 sensus
876 2714 1002 2787 cadunt,
1030 2713 1155 2774 dativus
1182 2714 1264 2793 apud
1287 2713 1410 2774 Livium
1434 2721 1614 2776 constanter

356 2814 543 2888 dominatur,
575 2814 663 2875 velut
695 2812 725 2888 6,
750 2815 798 2887 13,
821 2814 841 2875 3
868 2813 1032 2876 fluctuanti
1061 2813 1169 2875 similis
1198 2813 1280 2876 acies
1309 2823 1386 2888 erat,
1409 2815 1438 2888 5,
1461 2813 1512 2887 38,
1534 2815 1612 2876 5111

357 2916 457 2976 altera
485 2915 550 2976 acie
579 2914 655 2976 nihil
682 2915 782 2976 11111111
810 2915 969 2987 Romanis,
992 2934 1051 2976 nou
1075 2915 1158 2994 apud
1182 2915 1285 2988 duces,
1308 2935 1368 2976 nou
1392 2917 1474 2994 apud
1498 2915 1612 2978 milites

357 3023 434 3090 erat,
463 3017 492 3090 5,
515 3017 566 3089 41,
588 3015 608 3078 8
630 3015 833 3077 intuebantur
855 3016 886 3076 in
910 3015 1032 3077 aedium
1055 3015 1218 3077 vestibulis
1241 3017 1385 3078 sedentes
1408 3017 1490 3078 viros
1513 3017 1612 3077 simil-

356 3116 445 3178 limos
468 3117 537 3190 diis,
560 3115 610 3189 26,
633 3116 684 3190 50,
709 3116 747 3177 13
770 3117 891 3178 venisse
915 3117 973 3178 diis
996 3116 1184 3178 simillimum
1207 3116 1360 3190 iuvenem,
1382 3117 1487 3179 Praei.
1503 3117 1612 3178 8haec

356 3226 388 3280 et
421 3218 469 3280 his
502 3217 626 3292 similia,
655 3210 684 3291 7,
707 3219 737 3291 2,
759 3214 779 3279 7
806 3218 997 3279 Fescennino
1025 3237 1116 3279 versu
1144 3215 1279 3300 (versui)
1302 3217 1444 3292 similem,
1467 3218 1497 3292 3,
1518 3217 1570 3291 40,
1592 3220 1611 3279 2

356 3319 479 3381 Claudii
513 3319 612 3380 oratio
645 3311 706 3379 luit
738 3319 880 3398 precibus
917 3338 1007 3398 quam
1041 3318 1139 3397 iurgio
1172 3317 1310 3392 similior,
1339 3317 1370 3392 4,
1393 3318 1444 3393 31,
1466 3317 1486 3380 9
1508 3320 1612 3380 omnia

356 3421 467 3482 castris
495 3439 587 3501 quam
615 3419 684 3480 urbi
706 3419 863 3492 similiora,
885 3419 916 3494 4,
938 3420 989 3492 33,
1011 3420 1031 3479 3
1053 3419 1193 3480 incendio
1217 3418 1347 3480 similius
1370 3439 1461 3499 quam
1485 3420 1611 3498 proelio,

355 3522 406 3595 23,
428 3515 478 3594 37,
501 3521 521 3582 5
550 3528 585 3582 nt
614 3539 648 3582 eo
676 3519 726 3581 die
755 3522 880 3582 obsesso
909 3539 1001 3601 quam
1030 3520 1185 3582 obsidenti
1213 3519 1341 3582 similior
1368 3527 1451 3582 esset
1477 3521 1611 3593 Poenus,

355 3621 406 3695 28,
428 3623 478 3696 30,
501 3621 521 3684 8
543 3641 642 3702 neque
665 3628 733 3682 erat
755 3621 859 3682 navali
883 3623 1038 3702 (pugnae)
1061 3639 1166 3700 pugna
1188 3620 1307 3694 similis,
1329 3619 1381 3694 26,
1402 3619 1454 3694 49,
1472 3620 1491 3682 6
1510 3621 1611 3682 media

355 3723 510 3784 simillima
535 3723 615 3784 veris
638 3729 720 3782 sunt.
763 3722 891 3783 Habent
915 3722 982 3783 edd.
1006 3722 1056 3794 33,
1079 3720 1108 3795 6,
1134 3721 1171 3782 13
1195 3721 1292 3800 caligo
1315 3721 1415 3782 noctis
1438 3721 1610 3796 simillima;

356 3825 410 3886 sed
441 3824 543 3902 potuit
565 3843 590 3897 s,
613 3831 649 3884 ut
670 3823 716 3896 fit,
739 3823 966 3903 agglutinatum
991 3842 1058 3883 esse
1082 3841 1120 3882 ex
1143 3829 1302 3903 sequente.
1345 3824 1396 3896 22,
1421 3822 1469 3896 12,
1492 3822 1511 3884 5
1534 3823 1611 3884 duce

355 3922 514 3988 Flaminio
546 3923 792 4007 Sempronioque
824 3921 920 3984 simili
948 3923 1127 3985 scribebant
1155 3923 1288 3984 editores
1311 3930 1384 3984 ante
1407 3923 1609 4004 Madvigium.

355 4027 531 4088 Notaverat
563 4032 667 4087 autem
701 4024 809 4086 Alsch.
837 4025 868 4086 in
902 4026 967 4086 cod.
994 4025 1066 4085 Put.
1094 4024 1244 4104 principio
1268 4023 1428 4102 scripsisse
1450 4024 1607 4086 librarium

347 4125 742 4214 flaminissemprouioque,
776 4145 847 4187 mox
874 4126 975 4204 ipsum
991 4123 1141 4211 flaminio
1165 4123 1343 4186 correxisse.
1387 4125 1466 4185 Mihi
1489 4144 1609 4206 quoque

355 4229 422 4290 visa
451 4235 499 4290 est
520 4228 638 4307 primae
661 4246 771 4288 manus
794 4226 948 4307 scriptura
969 4225 1105 4287 flaminio
1128 4225 1371 4306 sempronioque.
1416 4223 1518 4296 Quam
1542 4245 1609 4287 cor-

353 4330 519 4392 rectionem
552 4329 749 4417 manifestam
774 4328 972 4389 dissimulans
995 4327 1123 4406 Madvig
1145 4325 1230 4410 (Em.
1254 4326 1301 4386 ed.
1324 4328 1353 4387 2.
1377 4345 1406 4404 p.
1429 4325 1491 4387 292
1514 4324 1609 4409 extr.)

354 4431 398 4492 sic
427 4431 522 4491 verba
550 4429 641 4490 facit:
676 4447 730 4489 1111
762 4448 807 4498 eo,
842 4430 922 4509 quod
951 4428 980 4488 in
1010 4428 1037 4489 P
1065 4427 1223 4489 scribitur:
1258 4423 1609 4511 Meminissemprouio-

353 4553 421 4614 qua,
454 4533 490 4593 lit
523 4530 600 4592 111111
633 4528 877 4612 haudquaquam
911 4527 1066 4590 Flaminii
1097 4526 1338 4612 Semproniique
1368 4526 1494 4589 simili».
1537 4529 1606 4589 Non

354 4633 485 4694 molesta
509 4632 564 4692 illa
587 4631 708 4712 quidem
733 4630 968 4710 argumentandi
992 4629 1081 4691 ratio.
1125 4630 1161 4690 Id
1184 4648 1256 4690 vero
1278 4629 1307 4688 vi
1332 4629 1465 4709 quadam
1490 4629 1609 4709 magica

353 4731 493 4794 effectum
530 4741 587 4805 est,
621 4739 655 4793 ut
689 4731 834 4810 deinceps
867 4750 972 4792 omnes
1006 4731 1177 4792 scriberent
1204 4729 1351 4791 Flaminii
1373 4728 1609 4810 Semproniique

352 4833 455 4893 simili.
500 4833 677 4895 Ciceronem
711 4852 808 4913 usque
842 4851 962 4912 quaque
997 4831 1217 4911 quaerentibus
1250 4831 1405 4910 genitivus
1435 4830 1467 4891 in
1494 4829 1554 4891 hac
1574 4849 1607 4890 re
