3574 5632
347 590 382 642 12
541 589 739 660 Epilegomcna
761 591 797 644 ad
819 591 850 646 Τ.
875 590 945 646 Livii
968 591 1069 644 librum
1094 591 1254 646 vicesimum
1277 590 1406 660 primum.

427 763 478 836 26,
505 762 526 826 6
560 770 592 822 ct
612 758 734 847 flumen
756 785 820 846 pro
849 764 1038 826 munimento
1060 763 1215 838 baberent,
1239 763 1382 827 omnibus
1399 765 1504 852 ferme
1532 765 1612 828 suis

345 875 433 926 trous
453 862 646 926 Rhodanum
669 864 807 926 traiectis
828 863 1007 927 ulteriorem
1028 865 1134 948 rapam
1167 867 1293 927 amuis
1329 867 1449 928 armis
1476 857 1609 929 obmus-

346 965 419 1026 bcut
452 985 508 1026 nee
542 964 691 1026 absonum
726 985 792 1028 esse
821 966 954 1040 videtur,
981 967 1011 1028 in
1036 966 1185 1028 distincta
1207 967 1389 1046 praesertim
1412 968 1609 1030 recitatione

344 1086 453 1129 vocum
477 1065 701 1146 quodammodo
725 1067 961 1139 concinentium,
984 1088 1049 1141 nec,
1072 1067 1099 1128 si
1121 1067 1202 1128 Livii
1225 1067 1374 1148 loquendi·
1392 1087 1507 1132 morem
1522 1088 1609 1130 con-

344 1168 525 1240 sideramus,
549 1166 644 1228 ullum
669 1175 717 1228 est
740 1169 878 1242 verbum,
901 1169 980 1250 quod
1003 1168 1112 1230 tollere
1135 1169 1323 1230 necessesit.
1358 1169 1406 1232 Cf.
1428 1170 1480 1243 31,
1504 1168 1555 1243 39,
1578 1169 1607 1232 6

344 1268 476 1332 Romani
510 1269 550 1329 ad
584 1267 763 1349 Osphagum
798 1271 910 1332 flumen
939 1276 1109 1348 posuerunt
1136 1277 1249 1331 castra.
1292 1269 1361 1332 Rex
1383 1270 1467 1332 haud
1490 1271 1607 1350 procul

343 1369 415 1432 inde
438 1369 558 1448 etipse
581 1369 662 1429 vallo
686 1389 778 1449 super
799 1371 898 1449 ripam
927 1371 1050 1432 aronis
1078 1370 1170 1432 ducto
1194 1370 1343 1432 consedit.
1387 1371 1516 1433 Armis
1540 1372 1605 1433 ob-

344 1471 442 1532 tinere
466 1489 566 1532 arcem
592 1469 620 1542 l,
642 1469 671 1543 6,
697 1471 724 1544 l,
747 1471 884 1534 Galliam
915 1477 1008 1550 atque
1037 1471 1162 1532 Italiam
1190 1472 1241 1544 30,
1267 1469 1313 1544 19,
1337 1473 1366 1544 3,
1389 1472 1493 1534 omnia
1515 1471 1606 1534 circa

345 1571 566 1652 Carthaginem
590 1570 640 1644 30,
658 1569 709 1644 29,
735 1573 761 1644 l,
795 1572 899 1633 omnia
920 1571 950 1632 in
979 1571 1134 1650 Hispania
1155 1571 1206 1644 25,
1229 1573 1279 1644 30,
1302 1575 1331 1632 2.
1365 1573 1471 1656 ripum
1493 1573 1603 1634 amuis

347 1673 445 1734 armis
467 1670 646 1734 obtinebant
668 1672 728 1734 CM
750 1673 813 1734 Iac.
837 1672 931 1735 Gron.
957 1673 1045 1734 Crev.
1068 1672 1142 1733 Bkr.
1165 1671 1255 1734 st.
1275 1674 1360 1754 Mvg.
1373 1674 1479 1757 ripam
1494 1675 1604 1736 amuis

346 1773 406 1838 obt.
432 1775 458 1834 l.
482 1773 510 1834 3.
535 1772 608 1834 Asc.
632 1774 714 1853 Meg.
744 1772 817 1834 Ald.
846 1773 920 1835 Sob.
948 1773 1039 1834 Frob.
1068 1773 1163 1834 Vasa.
1193 1771 1283 1835 Grut.
1318 1775 1456 1836 Tauchn.
1490 1775 1602 1858 repom

345 1876 444 1937 armis
465 1873 525 1937 obt.
549 1872 710 1936 voluerunt
735 1874 843 1946 Drak,
866 1873 986 1946 Stroth,
1010 1874 1083 1935 Wfl.
1113 1874 1282 1935 Contendit
1303 1873 1494 1949 Alschefski,
1517 1875 1549 1937 in
1573 1876 1602 1938 C

346 1985 378 2038 et
400 1977 431 2037 in
454 1975 608 2055 plerisque
631 1975 727 2037 Drak.
752 1975 838 2037 codd.
863 1976 961 2036 armis
983 1975 1129 2036 omissum
1153 1994 1228 2036 esse.
1274 1974 1337 2037 Sed
1361 1996 1457 2057 neque
1480 1977 1511 2038 in
1527 1976 1601 2039 Cid

345 2076 518 2139 desideravi
542 2096 639 2156 neque
662 2077 759 2139 Drak.
783 2075 947 2137 adnotavit
969 2075 999 2137 id
1022 2076 1052 2136 in
1077 2075 1138 2136 ullo
1161 2095 1227 2149 suo,
1250 2076 1362 2138 nedum
1386 2076 1416 2138 in
1432 2077 1600 2159 plerisque,

345 2181 461 2241 deesse.

428 2274 479 2352 27,
502 2280 521 2340 3
544 2278 711 2340 adoriatur
733 2277 771 2338 ab
795 2287 878 2358 tergo
901 2275 1015 2339 hostem
1038 2277 1098 2338 iam
1122 2277 1152 2337 in
1176 2279 1283 2355 primis
1307 2277 1375 2340 edd.
1392 2279 1598 2342 scribebatur.

344 2382 442 2443 'lacet
474 2379 582 2442 Alsch.
618 2379 642 2442 C
675 2379 772 2441 habet
799 2377 906 2440 hostes.
952 2378 1082 2440 Carolus
1111 2378 1192 2458 Aug.
1221 2380 1371 2460 Walberg
1400 2380 1597 2460 Upsaliensis

345 2491 418 2544 ante
451 2481 560 2562 viginti
594 2482 657 2543 fere
691 2500 787 2540 annos
821 2480 851 2540 in
883 2478 1072 2541 bibliotheca
1099 2479 1313 2542 Laurentiano
1340 2480 1477 2544 Graecos
1501 2481 1596 2543 libros

345 2584 504 2646 conserens
526 2590 653 2663 rogatus
677 2602 695 2642 a
718 2601 766 2642 me
789 2580 908 2661 aliquot
931 2580 1005 2642 locis
1027 2580 1061 2641 M
1082 2580 1220 2660 inspexit
1247 2581 1416 2663 retulitque
1442 2582 1485 2643 ibi
1514 2581 1597 2645 hosts

344 2685 492 2764 scriptum
528 2683 633 2756 fnisse,
666 2683 720 2744 sed
755 2682 817 2742 alia
851 2700 944 2742 mann
977 2682 1127 2762 virgulam
1157 2701 1249 2761 super
1281 2683 1493 2762 sappositam
1518 2704 1595 2746 esse.

345 2787 456 2868 Itaque
480 2805 516 2846 ea
538 2785 693 2863 scriptura
716 2783 840 2844 minoris
863 2783 933 2844 fidei
957 2791 1005 2844 est
1028 2802 1119 2863 quam
1144 2783 1322 2845 Colbertini.

428 2881 478 2958 27,
501 2885 521 2946 4
543 2883 654 2946 latiore
676 2885 787 2945 Bauer.
811 2881 953 2944 latiorem
977 2884 1055 2956 cdd,
1079 2884 1148 2944 edd.
1171 2890 1259 2957 vett,
1274 2885 1354 2964 qnod
1368 2883 1595 2947 incommodum

345 2995 393 3050 est
426 3007 462 3048 ac
496 2985 586 3047 valde
616 2992 793 3065 suspectum
817 2985 852 3045 fit
875 2984 1096 3046 consuetudine
1120 2984 1257 3046 codicum
1281 2986 1320 3046 ad
1343 2985 1516 3066 proximum
1540 3007 1596 3048 no·

345 3109 414 3150 men
438 3087 689 3149 accommodandi
712 3086 898 3148 adieetivnm
923 3105 941 3146 a
964 3106 1019 3146 suo
1042 3085 1164 3146 nomine
1188 3084 1307 3166 longius
1329 3093 1491 3148 remotum.
1527 3086 1595 3157 Quo

344 3189 436 3251 latior
459 3189 565 3250 alveus
588 3195 666 3260 erat,
689 3207 724 3248 eo
746 3187 846 3248 minus
870 3187 963 3248 altus.

428 3284 479 3362 27,
502 3282 521 3350 7
544 3289 626 3352 edito
649 3288 796 3350 Clericus.
814 3287 946 3372 prodito
969 3291 1038 3351 cdd.
1063 3289 1131 3350 edd.
1155 3295 1244 3361 vett..
1267 3289 1348 3370 quod
1364 3288 1521 3351 Gronovio
1538 3309 1595 3350 non

345 3413 453 3456 sanum
488 3390 662 3463 videbatur,
695 3389 741 3451 ita
773 3397 874 3452 ortum
906 3409 973 3451 esse
1004 3397 1119 3469 putant
1139 3390 1231 3451 st.
1255 3399 1287 3452 et
1308 3389 1394 3463 Wfl.‚
1418 3397 1453 3450 ut
1474 3389 1597 3471 syllaba

344 3517 404 3578 pro
426 3513 465 3556 ex
483 3490 622 3577 profecti
644 3492 817 3571 depravata
839 3498 931 3554 esset.
954 3527 995 3536 -
1017 3491 1064 3553 Ib.
1087 3491 1236 3554 transisse
1247 3512 1278 3553 se
1289 3491 1426 3572 Madvig.
1448 3491 1598 3553 inuenisse

347 3596 417 3669 CM,
440 3615 470 3656 se
493 3594 641 3656 transisse
662 3593 761 3656 Rben.
786 3591 877 3654 Grut.
901 3590 996 3654 Gron.
1020 3592 1143 3654 Priores
1157 3593 1237 3666 edd,
1260 3599 1295 3654 ut
1320 3592 1345 3652 l.
1369 3593 1399 3653 3.
1422 3593 1505 3672 Meg.
1521 3591 1595 3654 Ald.

346 3696 420 3759 Sob.
444 3696 552 3776 Gryn,
575 3695 693 3756 habent
710 3693 840 3777 prodito
856 3692 951 3779 sumo
974 3692 1170 3780 significante
1192 3693 1350 3765 transisse,
1373 3693 1596 3774 quodquidam

344 3796 540 3884 significante
573 3803 628 3856 aut
660 3795 700 3856 ad
734 3796 955 3873 praecedentes
988 3795 1143 3857 ablativos
1179 3795 1443 3856 accommodatum
1478 3802 1535 3855 ant
1557 3813 1596 3856 ex

344 3897 525 3985 significant
557 3917 588 3958 sc
616 3903 716 3958 ortum
746 3903 803 3958 est.
853 3895 1003 3957 Attamen
1032 3916 1092 3957 non
1116 3896 1217 3957 minus
1240 3896 1331 3957 facile
1353 3901 1425 3974 post
1447 3895 1597 3957 transisse

345 3999 523 4062 exciditne.
546 4033 586 4044 -
610 3997 654 4058 lb.
678 3997 693 4078 ξ
715 3995 736 4057 8
757 4003 883 4076 propter
906 4015 999 4078 equos
1022 4017 1115 4058 naues
1136 3997 1336 4076 Heerwagen,
1358 4005 1467 4058 mutes
1485 3997 1554 4058 odd.

429 4100 480 4173 28,
502 4102 522 4160 2
544 4097 678 4161 clamore
699 4097 788 4160 cardo
810 4105 980 4158 nautarum
1001 4095 1197 4181 militumque
1210 4098 1348 4178 Madvig,
1367 4095 1456 4159 olam.
1472 4119 1499 4162 u.
1513 4119 1595 4158 uuu-

345 4212 450 4264 tmum
482 4198 619 4262 militum
653 4199 721 4260 cdd.
769 4199 864 4278 Apud
894 4198 1057 4260 Caesarem
1083 4199 1226 4280 frequens
1250 4206 1298 4259 est
1320 4199 1493 4280 asyndeton
1515 4197 1597 4260 inter

346 4305 405 4366 dno
429 4304 596 4365 dumtaxat
618 4301 791 4373 enuntiata,
824 4299 964 4377 inprimis
991 4300 1021 4360 in
1051 4300 1208 4362 concitata
1230 4299 1378 4372 oratione,
1400 4299 1431 4360 in
1455 4299 1594 4378 explica-

344 4403 491 4477 tionibus,
523 4402 555 4464 in
584 4400 775 4482 gradatione,
804 4400 852 4462 vel
881 4400 912 4461 in
935 4401 1027 4462 rebus
1049 4400 1215 4482 oppositis;
1249 4402 1331 4480 apud
1353 4399 1476 4462 Livium
1501 4400 1595 4462 latins

346 4513 435 4584 patet
457 4505 629 4585 asyndeton
653 4502 836 4576 bimembre3
870 4520 941 4562 nam
971 4501 1064 4563 etiam
1093 4501 1123 4562 in
1153 4501 1248 4580 plana
1270 4501 1501 4564 enumeratione
1523 4501 1597 4563 bins

345 4605 545 4668 substantiva
577 4605 643 4666 sine
672 4604 782 4683 copula
804 4609 972 4681 ponuntur,
994 4620 1223 4684 nonnumquam
1247 4602 1364 4681 pariter
1386 4601 1542 4664 adiectiva
1564 4609 1595 4664 et

345 4706 503 4779 adverbia,
535 4705 622 4768 velut
654 4705 704 4777 22,
731 4703 782 4777 60,
811 4706 851 4765 20
873 4703 1030 4766 haberetis
1053 4703 1143 4766 hodie
1165 4702 1276 4782 viginti
1298 4703 1385 4764 milis
1406 4711 1595 4765 armatorum

348 4806 475 4870 Canusii
498 4807 601 4881 fortia,
624 4805 739 4878 fidelia,
767 4807 818 4878 22,
841 4807 891 4878 22,
919 4802 954 4866 19
979 4803 1051 4866 Illos
1074 4805 1154 4866 enirn
1177 4822 1297 4884 graves,
1321 4808 1470 4885 superbos
1491 4803 1523 4865 in
1546 4822 1597 4866 re·
