3574 5632
350 643 550 716 llpilcgomoua
572 643 608 698 ad
630 643 661 699 Τ.
686 642 758 700 Livii
780 643 881 698 librum
906 640 1064 698 vicesimum
1087 641 1217 710 primum.
1374 636 1410 691 41

148 815 227 880 heic
260 817 562 900 berrichsichtigeud,
592 837 630 880 an
654 817 776 880 zweiter
799 816 923 879 Stelle».
967 815 1050 876 Illud
1073 813 1174 894 ipsum
1196 811 1414 892 »Ausrilstung

155 919 221 980 mit
248 918 316 980 dem
341 919 604 1000 Nothwendigen»
626 918 809 1000 significare,
832 918 912 998 quod
937 924 985 979 est
1008 935 1121 978 ornare
1144 912 1282 986 classem,
1305 913 1417 974 docent

155 1019 366 1098 interpretem
390 1041 445 1082 uec
468 1028 531 1082 tarn
557 1028 591 1082 ut
614 1019 816 1082 commoditas
839 1026 870 1081 et
893 1017 1089 1097 pulchritudo
1111 1015 1299 1094 designetur,
1323 1032 1413 1093 quam

155 1129 196 1182 ut
219 1121 267 1182 vis
289 1121 374 1182 verbi
394 1120 514 1200 plenius
537 1121 764 1202 perfectiusque
787 1119 989 1199 exprimatur,
1012 1118 1143 1179 alterum
1167 1115 1303 1178 eiusdem
1320 1133 1414 1193 gene-

157 1221 205 1282 ris
239 1221 427 1303 adiungitur.
477 1222 550 1284 Vid.
573 1222 613 1282 H.
637 1223 661 1284 l.
684 1221 799 1283 Miiller
821 1221 860 1282 ad
884 1220 951 1282 Liv.
975 1219 1026 1292 43,
1049 1219 1078 1291 3,
1101 1212 1130 1278 7.
1175 1217 1209 1278 Si
1238 1215 1416 1296 scripsisset

158 1322 270 1384 Livius
293 1323 440 1386 »classem
470 1323 654 1384 instructam
678 1329 908 1402 ornatamque»,
942 1319 1105 1382 omissione
1129 1317 1292 1380 commissa
1315 1315 1414 1378 »clos-

161 1441 229 1484 sem
253 1423 515 1505 iustructamque»
538 1424 688 1504 reliquum
712 1423 833 1485 inisset.
878 1420 1119 1484 Collocationem
1142 1419 1302 1480 verborum
1327 1417 1417 1480 (iice-

162 1524 247 1586 rouis
270 1544 330 1586 non
354 1526 482 1586 eandem
507 1545 574 1587 esse
598 1531 720 1586 constat
743 1543 834 1604 quam
859 1522 956 1596 Livii;
980 1529 1114 1583 ceterum
1137 1521 1164 1580 is
1188 1539 1308 1600 quoque
1325 1518 1355 1579 in
1369 1517 1417 1580 his

160 1625 267 1687 verbis
289 1625 407 1686 variat:
432 1625 495 1688 Cic.
518 1624 626 1688 Manil.
649 1624 679 1699 8,
701 1627 742 1687 20
765 1624 870 1703 copias
892 1623 1034 1685 omnibus
1056 1622 1149 1683 rebus
1172 1627 1298 1682 ornatas
1322 1626 1416 1700 atque

160 1726 334 1788 instructas
356 1725 461 1788 fuisse.
505 1727 551 1788 Ut
572 1725 622 1788 hic
644 1725 751 1788 Livius
775 1745 844 1786 mea
866 1722 1007 1804 opinione
1030 1730 1171 1784 ornatam
1201 1729 1415 1800 armatamque

163 1825 299 1906 scripsit,
322 1827 366 1888 sic
388 1834 470 1890 auct.
494 1827 565 1888 bell.
591 1826 658 1888 Air.
681 1826 722 1888 86
745 1825 927 1905 elephantos
949 1831 1075 1886 ornatos
1098 1830 1305 1902 armatosque.

248 1927 341 2000 51,4
372 1927 445 1989 Iam
472 1927 560 2012 sorte
593 1927 841 2001 transmiserant,
874 1926 904 1987 h.
933 1947 958 1986 e.
987 1926 1048 1986 Per
1077 1945 1128 1985 eos
1157 1925 1236 1985 forte
1264 1923 1329 1984 dies
1351 1922 1414 1983 iam

164 2029 403 2092 transmiserant
425 2024 492 2111 (37,
515 2028 566 2102 34,
591 2029 632 2107 1).
678 2029 725 2091 cf.
751 2028 799 2100 lo,
821 2027 872 2101 40,
895 2028 914 2088 6
937 2025 1072 2088 Exeunti
1095 2025 1156 2086 iam
1180 2026 1260 2086 forte
1273 2024 1303 2084 in
1318 2023 1414 2084 aciem

164 2130 291 2192 nuntiat
312 2130 442 2210 perfuga
465 2139 523 2192 cet.
568 2129 639 2190 Iam
661 2129 693 2191 iu
716 2151 789 2190 nam
811 2128 906 2189 vertit
927 2127 1065 2207 Madvig,
1088 2126 1177 2208 quasi
1200 2145 1294 2186 causa
1316 2124 1416 2204 potis-

163 2231 273 2292 simum
298 2230 464 2292 iudicanda
486 2237 578 2303 esset,
603 2250 655 2292 cur
679 2251 766 2292 nemo
784 2229 918 2292 hostium
944 2228 1024 2290 circa
1047 2248 1100 2288 eas
1118 2228 1236 2289 insulas
1259 2225 1414 2287 iuvenire-

164 2341 225 2404 tor‚
249 2351 285 2394 ac
307 2331 397 2393 simol
422 2332 452 2392 id
477 2332 676 2404 narrandum,
698 2351 771 2392 casu
795 2330 922 2392 fortuito
946 2328 1217 2408 Carthaginienses
1241 2327 1279 2388 ad
1303 2326 1415 2389 ltaliae

164 2453 249 2495 oram
273 2433 457 2494 vastandam
482 2431 662 2494 tramisisse.
706 2432 819 2493 Melius
842 2431 958 2492 directo
980 2430 1022 2502 id,
1042 2431 1121 2510 quod
1145 2437 1209 2490 tum
1230 2429 1330 2507 ipsum
1344 2447 1415 2488 sus-

166 2541 315 2614 ceperant
336 2533 452 2604 hostes,
475 2541 741 2595 commemoratur.

249 2634 299 2705 52,
323 2636 342 2696 2
364 2631 490 2696 volnere
511 2655 568 2696 suo
589 2633 728 2694 minutus
750 2633 820 2694 inde
844 2633 883 2693 ab
906 2631 1130 2712 antiquissimis
1146 2630 1337 2710 temporibus
1352 2629 1415 2692 lec-

160 2736 208 2797 tio
233 2742 282 2797 est
303 2734 441 2816 vulgata.
485 2735 520 2796 ln
545 2735 610 2796 cod.
634 2735 659 2797 Ο
682 2742 730 2796 est
752 2734 916 2808 eminutus,
939 2732 969 2793 in
993 2733 1029 2805 P,
1053 2753 1068 2794 e
1092 2751 1151 2813 quo
1174 2730 1417 2792 aliietminotoo

165 2835 349 2910 retulerunt,
382 2835 579 2898 verisimilius
601 2835 790 2897 cimibertus
813 2835 974 2914 legendum
1000 2832 1072 2895 mihi
1096 2833 1194 2894 visum
1219 2840 1268 2894 est
1290 2831 1326 2914 (r
1350 2839 1382 2892 et
1405 2847 1415 2892 1

166 2937 257 3000 facile
278 2936 360 2999 inter
382 2956 415 2998 se
438 2943 607 2998 mutantur.
641 2936 751 2998 Voluit
774 2956 812 2996 m.
835 2938 864 2996 2.
888 2934 1067 3015 eminutus).
1107 2934 1313 3004 Sententiam,
1337 2952 1415 3013 qnae

166 3039 244 3100 satis
268 3037 430 3116 perspicua
453 3045 511 3110 est,
533 3046 616 3100 recte
640 3037 793 3117 expressit
816 3036 956 3098 Crevier:
990 3036 1109 3096 »miuus
1137 3034 1201 3113 spei
1232 3043 1263 3098 et
1285 3034 1415 3096 fiduciae

166 3139 311 3211 habeus»,
335 3139 414 3220 quod
438 3146 543 3200 tamen
567 3138 705 3201 minutos
727 3157 782 3217 per
804 3157 836 3200 se
850 3136 1022 3218 siguificare
1036 3155 1095 3198 non
1115 3135 1215 3210 valet;
1238 3155 1308 3197 uam
1325 3155 1416 3214 proo-

166 3240 205 3302 lio
240 3241 369 3302 adverso
403 3247 434 3300 et
467 3239 592 3301 vulnere
625 3246 752 3319 accepto
782 3258 840 3300 uon
870 3239 932 3301 dux
962 3237 1119 3310 minuitur,
1153 3238 1206 3298 sed
1231 3236 1321 3298 facile
1343 3255 1415 3314 spes

166 3341 230 3402 sive
264 3341 385 3402 animus
418 3340 504 3402 ducis
527 3347 559 3402 et
581 3339 723 3402 militum.
768 3340 816 3401 Cf.
839 3339 890 3412 21,
912 3338 1001 3412 50,4
1024 3347 1056 3398 et
1077 3337 1226 3400 Romanis
1250 3337 1415 3398 multitudo

166 3462 224 3504 sua
246 3441 335 3504 auxit
357 3441 492 3502 animum
517 3448 547 3502 et
570 3441 713 3521 paucitas
736 3441 877 3502 hostibus
901 3439 1020 3512 minuit,
1043 3439 1093 3512 28,
1119 3439 1167 3512 13,
1192 3439 1288 3500 lOEo
1300 3437 1415 3517 proelio

168 3542 361 3624 aliquantum
384 3542 533 3604 Romanis
556 3542 639 3604 aucti
663 3550 695 3604 et
716 3541 867 3604 deminuti
889 3540 1030 3602 hostibus
1054 3540 1148 3602 animi
1171 3546 1270 3612 erant,
1293 3535 1343 3611 37,
1366 3537 1417 3611 39,

167 3644 186 3706 6
208 3645 275 3706 Nec
296 3642 471 3705 Antiochus
494 3643 577 3704 ultra
599 3642 864 3723 tergiversandum
888 3649 986 3713 ratus,
1020 3661 1057 3704 ue
1085 3647 1118 3701 et
1145 3659 1267 3702 suorum
1298 3638 1417 3702 animos

168 3744 320 3806 minueret
352 3744 554 3806 detrectando
587 3751 743 3807 certamen
777 3752 807 3806 et
841 3741 974 3806 hostium
1009 3761 1094 3821 spem
1119 3750 1256 3822 augeret,
1285 3741 1365 3804 Caes
1387 3742 1418 3802 b.

168 3845 207 3909 G.
229 3845 258 3918 5,
281 3846 322 3908 33
355 3844 540 3927 (Consilium
569 3844 699 3928 Cottae)
730 3852 762 3907 et
796 3843 909 3907 nostris
944 3842 1092 3905 militibus
1124 3863 1209 3922 spem
1244 3841 1355 3904 minuit
1387 3849 1419 3903 et

167 3946 272 4008 hostes
295 3947 335 4008 ad
358 3947 556 4026 pugnandum
581 3946 745 4008 alacriores
768 3945 883 4018 effecit,
912 3944 989 4006 Iust.
1013 3944 1063 4016 31,
1085 3943 1116 4016 8,
1137 3943 1158 4004 8
1180 3964 1279 4024 neque
1301 3943 1418 4006 Roma-

169 4047 225 4119 nis,
259 4047 285 4108 si
317 4047 492 4119 vincantur,
526 4046 646 4108 animos
673 4047 779 4120 minui,
813 4066 922 4127 neque,
952 4046 977 4107 si
1002 4045 1138 4118 vincant,
1161 4045 1304 4107 secundis
1326 4045 1418 4106 rebus

166 4147 359 4210 insolescere.
402 4148 513 4229 Itaque
547 4148 649 4210 animo
683 4155 784 4220 aucto,
818 4147 884 4228 spei
913 4153 1035 4221 auctae,
1063 4146 1221 4227 pugnandi
1251 4144 1418 4218 alacritati,

166 4249 351 4312 insolentiae
384 4268 483 4312 rerum
518 4250 721 4312 secundarum
755 4250 922 4329 opponitur
954 4249 1074 4310 animus
1108 4247 1245 4309 minutus
1274 4247 1322 4308 vel
1345 4265 1417 4325 spes

168 4350 298 4414 minuta.
343 4351 458 4412 Verum
496 4370 534 4412 ex
567 4350 711 4430 analogia
743 4351 790 4412 vel
826 4349 920 4412 animi
950 4348 1086 4410 minutus
1119 4349 1167 4410 vel
1191 4348 1257 4426 spei
1280 4348 1417 4409 minutus

167 4451 258 4514 homo
281 4451 341 4512 dici
364 4457 469 4532 potest
491 4451 608 4531 pariter
629 4459 724 4532 atque
746 4459 910 4532 postumae
933 4449 998 4529 spei
1028 4449 1178 4528 fatigatus
1207 4448 1317 4531 (Apul.
1341 4449 1417 4509 Met.

167 4552 196 4625 4,
219 4552 265 4634 5),
288 4552 382 4614 animi
404 4551 540 4614 incertus
564 4551 647 4633 (Liv.
673 4553 700 4624 l,
723 4547 753 4626 7,
776 4552 805 4616 6.
834 4552 908 4613 Sall.
934 4553 973 4612 H.
997 4551 1026 4622 3,
1050 4546 1099 4612 75.
1123 4551 1196 4611 Tac.
1221 4549 1303 4612 Anu.
1325 4549 1355 4622 6,
1368 4547 1418 4610 46.

168 4654 237 4715 Ter.
267 4653 341 4716 Hoc.
372 4655 399 4726 1,
428 4655 457 4726 2,
486 4652 536 4716 46.
570 4653 747 4735 Symmach.
771 4655 829 4733 Ep.
851 4653 881 4724 4,
904 4647 976 4732 67),
1008 4651 1089 4712 inter
1122 4671 1207 4730 spem
1243 4659 1418 4730 metumque

168 4772 338 4834 suspensus
360 4754 453 4816 animi
477 4753 558 4832 (Liv.
581 4755 611 4826 8,
636 4757 684 4829 13,
709 4749 773 4837 17),
797 4755 897 4815 lassus
921 4752 1015 4814 animi
1038 4751 1158 4828 (Plaut.
1182 4751 1259 4814 cist.
1283 4755 1314 4826 2,
1330 4753 1358 4824 l,
1371 4749 1408 4833 8)

168 4855 319 4930 abiectus,
341 4875 442 4936 aeger,
465 4855 603 4929 territus,
626 4857 763 4936 pendens
786 4854 880 4918 animi
903 4854 987 4936 (Liv.
1010 4851 1040 4925 9,
1063 4851 1092 4926 6,
1118 4852 1165 4914 11.
1202 4852 1229 4925 l,
1251 4853 1302 4926 58,
1324 4852 1354 4915 9.
1388 4855 1417 4928 2,
