3584 5632
346 620 385 676 30
631 627 831 698 Epilegomena
853 626 890 680 ad
912 626 944 680 T.
968 623 1042 682 Livii
1065 626 1168 683 librum
1191 628 1321 698 primum.

347 801 590 879 exspectandum
624 806 693 860 erat
725 799 861 879 virgulta
888 799 986 860 densa
1014 800 1143 872 consita,
1166 800 1205 860 ob
1228 819 1296 861 eam
1320 801 1454 861 fortasse
1477 817 1620 860 causam

346 901 447 964 obsito
478 899 603 980 delegit,
625 907 661 960 ut
683 899 930 979 intelligerentur
953 902 1059 962 eadem
1084 909 1282 980 prospectum
1304 898 1517 980 impedientia.
1563 899 1620 960 Et

346 1001 446 1067 estin
471 1003 536 1064 cod.
561 1001 653 1062 Voss.
676 1001 810 1062 secundo
833 1000 998 1080 dupliciter
1020 1001 1168 1082 scriptum
1193 1002 1339 1084 oppositu
1360 1001 1472 1074 obsita,
1491 999 1544 1062 ubi
1557 1007 1618 1062 est

345 1103 499 1165 »insiticia
521 1119 582 1162 vox
604 1101 762 1181 sequentis
785 1100 886 1162 obsita
908 1101 1012 1182 glossa
1034 1110 1128 1183 atque
1143 1101 1388 1182 interpretatio».
1423 1101 1471 1164 Of.
1491 1101 1542 1174 23,
1560 1098 1616 1174 19,

349 1205 383 1266 ll
409 1205 526 1265 obnata
548 1202 623 1281 ripis
646 1203 766 1263 salicta.

431 1303 682 1382 Quadringentos
712 1302 775 1364 fere
804 1321 901 1364 annos
930 1303 1067 1365 codicum
1091 1305 1246 1383 scriptura
1267 1304 1390 1384 integra
1411 1309 1535 1364 retenta
1558 1309 1614 1363 est

347 1407 386 1468 ab
421 1405 601 1476 editoribus,
635 1404 694 1466 nisi
727 1404 807 1484 quod
835 1411 962 1483 propter
989 1405 1244 1484 perspicuitatem
1268 1403 1411 1468 Carbach
1433 1403 1530 1465 verba
1552 1403 1612 1466 illa

347 1508 447 1569 »circa
469 1506 566 1567 densa
588 1505 691 1567 obsita
713 1504 873 1584 virgulta»,
897 1525 975 1584 qnae
999 1504 1091 1565 etiam
1116 1505 1292 1569 Glareanus
1314 1505 1469 1566 »velutin
1492 1523 1611 1583 paren-

347 1609 429 1670 thesi
457 1606 575 1685 posita»
603 1606 751 1678 babebat,
779 1605 958 1684 parenthesi
981 1604 1135 1679 distinxit,
1159 1625 1345 1688 quamquam
1370 1605 1553 1684 complures,
1575 1603 1607 1666 in

348 1709 459 1791 quibus
482 1706 656 1769 Gronovius
680 1714 712 1768 et
733 1705 890 1779 Heinsius,
914 1707 1107 1768 coniecturas
1129 1727 1203 1769 suas
1225 1713 1455 1788 suggesseruut.
1490 1706 1607 1767 Extre-

348 1829 397 1873 mo
420 1809 552 1889 denique
574 1817 713 1887 tempore
736 1814 801 1869 tum
828 1806 925 1869 Hertz
948 1815 1013 1868 tum
1037 1808 1067 1868 in
1095 1808 1269 1870 novissimis
1292 1809 1361 1870 edd.
1383 1807 1607 1870 Weissenborn

348 1917 528 1973 contextum
561 1929 617 1970 suo
651 1916 780 1988 uterque
814 1909 903 1969 modo
938 1907 1089 1983 mutavit3
1122 1909 1162 1970 H.
1185 1910 1210 1971 l.
1233 1909 1366 1971 Mueller
1396 1907 1497 1970 obsito
1519 1905 1606 1968 uncis

346 2011 483 2084 inclusit,
517 2011 597 2090 quod
632 2029 670 2071 ex
702 2009 960 2088 interpretatione
993 2009 1024 2069 in
1059 2010 1196 2090 margine
1224 2009 1401 2090 appositum
1429 2009 1461 2070 in
1483 2014 1606 2070 textum

349 2113 498 2193 migrasse
529 2118 698 2190 putaverat
720 2109 865 2189 Doering.
910 2110 1112 2172 Coniecturae
1134 2111 1216 2172 inter
1238 2131 1271 2172 se
1294 2111 1507 2190 discrepantes
1530 2127 1608 2170 enu-

349 2232 467 2275 merare
501 2213 623 2292 longum
654 2218 702 2272 est
731 2218 763 2272 et
784 2209 903 2271 inutile.
947 2211 1074 2272 Nullam
1098 2211 1301 2274 mutationem
1325 2218 1381 2272 aut
1403 2229 1530 2292 poscere
1553 2217 1610 2270 ant

348 2315 483 2394 recipere
506 2313 691 2392 scripturam
715 2311 800 2372 illam
824 2311 983 2391 antiquam
1008 2312 1179 2372 arbitratur
1200 2313 1338 2394 Madvig,
1354 2312 1405 2392 qni
1419 2311 1499 2373 circa
1512 2311 1611 2372 densa

349 2415 453 2477 obsita
479 2413 616 2494 virgulta
643 2411 828 2474 Germanice
857 2411 902 2472 sie
923 2413 1041 2473 reddit:
1064 2413 1095 2474 in
1117 2415 1186 2474 dem
1211 2415 1287 2476 iiber
1309 2415 1367 2477 das
1389 2412 1518 2474 Terrain
1541 2430 1609 2473 zer-

350 2523 490 2578 streuten
520 2514 668 2578 Gebtseh
697 2513 814 2576 umber.
858 2513 970 2593 ltaque
993 2511 1094 2574 obsita
1115 2513 1168 2575 ille
1190 2535 1301 2595 sparsa
1322 2514 1371 2576 vel
1395 2513 1537 2593 dispersa
1558 2511 1608 2574 in·

349 2624 551 2697 terpretatur,
574 2616 655 2696 quod
678 2622 711 2676 et
733 2634 752 2674 a
774 2613 803 2674 vi
826 2614 912 2675 verbi
936 2614 1070 2676 alienum
1094 2622 1142 2676 est
1165 2623 1196 2677 et
1219 2616 1373 2678 adiectivo
1395 2614 1486 2676 iuxta
1508 2613 1609 2694 posito

350 2718 442 2798 plane
476 2717 674 2779 eontrarium.
718 2714 801 2785 Quid
830 2715 909 2776 enim
941 2735 1008 2776 esse
1031 2715 1168 2796 virgulta
1191 2717 1288 2779 densa
1310 2735 1421 2797 sparsa
1441 2715 1608 2778 veldense

350 2817 481 2898 sparsa?
502 2818 593 2878 Hane
615 2837 686 2878 vero
710 2815 984 2878 contradictionem
1007 2816 1037 2877 in
1062 2817 1184 2879 adiecto
1206 2817 1299 2880 sitam
1323 2818 1447 2880 excluso
1461 2815 1494 2878 in
1510 2815 1610 2878 inter·

350 2919 526 3000 pretatione
548 2918 646 2979 altero
669 2916 762 2979 verbo
785 2924 957 2996 opportune
980 2916 1119 2979 sustulit.

436 3019 485 3094 14,
507 3017 527 3081 9
554 3019 671 3102 equites
698 3027 786 3080 eram
814 3017 906 3079 lectio
935 3017 995 3079 fuit
1017 3018 1146 3099 vulgata
1167 3019 1239 3082 inde
1262 3020 1302 3081 ab
1326 3021 1373 3082 ed.
1396 3021 1425 3081 2.
1449 3017 1610 3099 usquead

351 3120 552 3195 Gronovium,
575 3139 594 3180 a
617 3139 675 3200 quo
698 3127 818 3180 remota
840 3119 966 3180 tandem
989 3138 1094 3181 rursus
1118 3128 1265 3183 revocata
1283 3129 1332 3183 est
1348 3121 1387 3182 ab
1400 3117 1610 3191 Alschefskio,

352 3221 570 3294 Giovenazzio,
592 3219 791 3300 Ingerslevio,
814 3219 920 3280 Herm.
943 3220 1104 3282 Muellero.
1139 3221 1245 3302 Atque
1268 3221 1298 3283 in
1323 3223 1446 3284 easdem
1470 3219 1609 3302 syllabas

351 3331 440 3385 erum
471 3321 536 3384 exit
564 3321 709 3382 universa
731 3319 868 3382 codicum
892 3321 1047 3401 scriptura
1068 3321 1099 3382 in
1122 3321 1249 3403 reliquis
1271 3323 1374 3384 verbis
1396 3321 1532 3394 varians,
1555 3320 1609 3382 sed

351 3424 504 3505 quomodo
527 3430 600 3484 ante
623 3441 676 3484 eas
698 3428 782 3484 recte
804 3421 968 3494 scribatur,
992 3441 1029 3482 ea
1052 3442 1165 3504 magna
1187 3423 1328 3504 quaestio
1351 3431 1408 3484 est.
1452 3423 1540 3483 Haeo
1563 3427 1610 3482 est

353 3525 434 3586 enim
465 3523 634 3586 communis
662 3522 752 3585 lectio
782 3521 989 3603 antiquiorum
1014 3523 1155 3603 cisalpini
1177 3523 1298 3605 generis
1321 3525 1474 3586 codicum:
1497 3521 1610 3606 quique

353 3645 423 3687 cum
445 3625 532 3708 equis
554 3622 697 3687 obinunt
718 3624 872 3686 uiolarunt
894 3622 961 3706 (usi
982 3633 1071 3685 erant
1092 3622 1152 3708 M).
1187 3625 1258 3696 Qua
1274 3625 1305 3688 iu
1323 3625 1479 3706 scriptura
1495 3623 1610 3703 duplex

354 3726 489 3788 cernitur
522 3725 750 3806 dittographia3
784 3743 855 3786 nam
889 3722 1020 3803 primum
1055 3725 1169 3809 quique
1199 3747 1269 3788 cam
1292 3746 1330 3788 ex
1353 3724 1611 3805 praecedentibus

353 3834 428 3888 sunt
459 3826 605 3906 repetita,
639 3825 749 3888 deinde
785 3824 928 3887 abierant
960 3825 1048 3887 initio
1076 3845 1171 3906 supra
1197 3847 1319 3889 versum
1343 3827 1491 3908 scriptum
1515 3823 1610 3886 luisse

353 3927 493 4007 suspicor
525 3929 564 3989 ad
598 3927 866 4007 interpretandum
906 3933 1133 3988 monstruosum
1173 3926 1250 3990 illud
1282 3928 1410 3990 verbum
1444 3926 1610 3989 conflatum

353 4027 518 4102 uiolarunt,
546 4035 641 4109 atque
668 4026 716 4088 ita
737 4027 869 4108 denique
892 4026 923 4088 in
946 4046 1068 4090 versum
1091 4027 1294 4109 immigrasse,
1317 4037 1354 4090 ut
1375 4029 1495 4090 salvum
1519 4045 1611 4107 prae-

355 4129 479 4191 cederet
500 4128 597 4212 equis,
620 4127 762 4210 quamvis
784 4127 830 4188 ita
853 4128 1038 4208 diremptum
1062 4127 1184 4202 fuisset,
1208 4137 1243 4191 ut
1265 4128 1389 4191 litterae
1407 4130 1472 4191 sive
1490 4127 1612 4210 syllaba

354 4231 406 4291 uis
428 4237 460 4291 et
481 4230 609 4292 verbum
632 4230 735 4292 ieram
758 4228 982 4303 coalescerent3
1005 4231 1263 4310 quemadmodum
1282 4230 1407 4310 saepius
1425 4231 1546 4312 glossae
1563 4228 1611 4288 in-

354 4331 505 4410 terruptis
540 4330 642 4392 verbis
676 4329 922 4392 insultabantur.
968 4330 1111 4392 Ceterum
1146 4332 1269 4394 omnino
1293 4333 1477 4393 monendum
1501 4337 1560 4404 est,
1580 4329 1611 4389 in

355 4433 423 4494 odd.
447 4430 595 4494 terminos
618 4431 808 4514 syllabarum
832 4430 924 4492 valde
946 4431 1080 4493 incertos
1103 4451 1180 4506 esse,
1204 4439 1236 4494 et
1259 4433 1299 4494 ad
1322 4431 1443 4493 libitum
1463 4431 1555 4493 aliter
1572 4429 1611 4490 ab

355 4531 425 4594 aliis
453 4531 588 4594 librariis
616 4534 712 4594 verba
739 4531 851 4613 divisa,
874 4531 957 4594 bend
979 4551 1048 4594 raro
1072 4553 1131 4594 uno
1155 4541 1260 4596 tenore
1283 4532 1411 4613 scripta,
1433 4552 1529 4614 qnare
1550 4531 1612 4592 ista

354 4632 404 4695 vel
426 4633 536 4696 divisio
559 4633 609 4695 vel
632 4632 805 4696 coniunctio
828 4632 903 4694 nihil
926 4650 1035 4713 perse
1058 4634 1204 4696 valetud
1228 4652 1292 4696 rem
1316 4633 1575 4697 constituendam.

438 4733 475 4796 In
499 4733 703 4814 transalpinis
726 4735 794 4796 cdd.
818 4733 904 4795 nulla
926 4741 975 4795 est
996 4734 1219 4816 dittographia,
1242 4735 1296 4797 sed
1319 4734 1438 4815 plenior
1461 4734 1612 4817 quaedam

355 4833 510 4914 scriptura
543 4835 574 4897 in
608 4834 734 4916 optimis
768 4833 933 4915 conspicua
961 4836 1113 4915 paulatim
1142 4835 1173 4896 in
1197 4836 1278 4898 hune
1300 4836 1423 4898 modum
1447 4832 1612 4898 decrescit:
