3574 5632
335 667 535 744 Epilegomena
557 665 594 726 00
615 663 647 724 Τ.
672 667 745 725 Livii
767 667 870 726 librum
893 667 1053 726 vicesimum
1074 667 1205 742 primum.
1363 663 1402 724 88

234 843 286 916 46,
319 845 339 906 3
372 865 441 907 cum
475 846 613 928 equitatu
636 843 921 928 iaculatoribusque
943 843 1107 927 capedile'e,
1129 841 1148 904 i.
1172 864 1198 904 0.
1218 861 1286 904 enm
1309 859 1405 922 expe-

131 945 212 1006 dita
247 964 340 1006 manu
375 945 512 1026 equitnm
546 955 579 1008 et
607 945 823 1008 iaculatorum.
868 945 916 1008 Ol.
939 946 990 1018 22,
1013 942 1165 1017 50411
1190 943 1308 1004 Fabius
1331 963 1405 1005 cen-

132 1045 218 1118 suit,
252 1045 373 1126 equites
406 1048 570 1127 expeditos
604 1044 711 1126 Appia
745 1046 798 1108 via
832 1045 1011 1108 mittendos.
1054 1045 1164 1126 Neque
1186 1051 1291 1106 100000
1316 1051 1406 1106 00001

137 1146 268 1226 equites
301 1149 384 1227 apud
420 1147 578 1210 Romanos
611 1147 714 1226 gravis
748 1154 935 1208 armaturae.
987 1145 1064 1208 Cum
1089 1145 1165 1207 dicit
1187 1144 1337 1226 Polybius
1359 1145 1405 1224 (3,

140 1245 205 1326 65)
238 1247 350 1311 πᾶσαν
381 1246 437 1330 τὴν
459 1253 562 1310 intrav
584 1243 801 1327 ἀναλαβόντες
833 1241 1018 1328 0100000000,
1043 1246 1186 1318 Πόπλιος
1207 1246 1243 1308 dd
1265 1251 1319 1306 καὶ
1341 1247 1406 1306 τών

140 1343 251 1420 πεζῶν
273 1345 345 1422 τοὺς
367 1345 565 1424 ἀκοντιστὰς,
589 1352 742 1432 προῆγον,
765 1358 894 1429 0000100
921 1367 983 1410 000)
1008 1347 1194 1410 contrariam
1217 1351 1281 1408 τῶν
1303 1345 1407 1418 πεζῶν

138 1450 286 1512 additum
325 1459 383 1525 eet,
418 1471 497 1533 quae
526 1471 704 1514 00000000
728 1451 789 1512 init
811 1449 900 1511 Livio
923 1449 1225 1530 «iaculatoribusque
1247 1449 1405 1529 peditum»

140 1551 194 1612 vel
219 1552 484 1632 «expediemus»,
507 1560 543 1615 ut
565 1552 633 1614 vult
656 1551 827 1623 Woelfflin,
850 1550 1014 1612 scribendi.
1037 1585 1077 1596 -
1101 1550 1146 1611 lb.
1170 1570 1207 1611 cu
1222 1551 1406 1634 propinquo

141 1653 313 1736 copiaeque
346 1653 442 1716 Gran.
476 1653 635 1735 (evidetur
666 1652 747 1714 Livii
794 1651 934 1730 luisses),
957 1650 1025 1713 Ale.
1048 1650 1139 1713 st.
1162 1651 1240 1712 Feb.
1263 1653 1348 1732 Mvg.
1371 1671 1409 1712 erc

141 1773 207 1836 quo
233 1755 416 1838 propinquo
438 1755 548 1838 coplas
570 1754 658 1817 Pom
682 1753 773 1816 Giov.
798 1773 836 1814 erc
857 1750 924 1815 loeo
940 1752 1126 1836 propinquo
1148 1752 1256 1835 coplae
1283 1753 1307 1813 Ι.
1330 1751 1408 1830 (Ρο-

144 1863 254 1915 100000
285 1855 464 1918 emendavit
486 1864 568 1918 teste
591 1855 762 1917 Laurentio
784 1852 904 1937 Vella).
927 1873 1025 1936 ecque
1041 1853 1225 1937 propinquo
1247 1853 1355 1936 copiae
1377 1852 1407 1914 3.
1542 1931 1544 1936 ¹

143 1953 220 2016 Ald.
254 1956 347 2018 Frob.
382 1955 473 2019 Grnt.
508 1956 604 2019 Gran.
640 1955 738 2018 Drak.
772 1953 846 2016 Bkr.
876 1975 913 2017 ec
935 1951 1012 2016 colle
1031 1955 1213 2038 propinquo
1236 1955 1278 2018 ud
1301 1955 1409 2039 copiae

145 2055 231 2135 Meg.
254 2056 329 2120 801).

232 2172 285 2245 46,
317 2173 338 2234 4
373 2171 533 2237 lustinum
567 2183 596 2235 cl
618 2193 766 2257 equorum
789 2172 879 2235 st.
902 2172 978 2234 Wfl.
1001 2171 1161 2234 domiuum
1183 2193 1332 2256 equorum
1354 2171 1408 2235 ΡΟ

149 2273 206 2334 Ηο.
243 2273 321 2336 Fab.
356 2273 516 2336 bominum
549 2294 756 2357 equorumque
796 2271 1408 2354 13.00011000101100108001.

147 2373 243 2435 Gran.
279 2375 376 2436 Drak.
410 2375 478 2438 Als.
510 2375 578 2456 (qni
602 2375 747 2437 1000100
771 2375 855 2446 cdd.)
878 2375 962 2454 Mvg.
986 2374 1091 2435 Facile
1114 2384 1142 2436 et
1165 2381 1409 2458 anteequorum

148 2475 275 2548 excidit,
299 2475 324 2538 si
349 2475 472 2557 quidem
497 2475 623 2538 excidit.
657 2475 760 2555 Saepe
783 2495 850 2558 que,
873 2474 926 2536 nbi
950 2475 1090 2554 copulam
1116 2476 1223 2537 deesse
1246 2483 1409 2553 putarunt,

148 2585 362 2655 apposuerunt
396 2583 595 2650 correctores,
630 2576 716 2638 velut
749 2595 844 2656 supra
875 2576 928 2649 44,
961 2574 981 2637 9
1015 2575 1277 2656 destinatumque,
1310 2574 1362 2651 39,
1389 2577 1409 2638 2

151 2676 297 2757 tabeque.

234 2793 285 2868 46,
321 2789 342 2855 'l
371 2793 415 2856 ad
434 2795 529 2880 pedae
546 2815 659 2880 papea
680 2802 805 2856 acuerat
826 2792 923 2857 Gran.
947 2793 1064 2874 (altera
1087 2791 1288 2878 coniectura).
1332 2794 1407 2856 Bkr.

149 2893 241 2961 st.
264 2896 348 2977 Mvg.
372 2895 446 2958 wfl.
470 2895 513 2958 acl
529 2887 534 2988 Ι
548 2896 602 2958 dee
618 2917 731 2980 pupae
752 2895 855 2957 eierat
877 2895 912 2957 P.
937 2896 979 2956 ad
985 2895 1083 2979 pedes
1091 2915 1204 2980 puquo
1218 2895 1299 2957 ierat
1311 2893 1407 2958 Gron.

149 2995 248 3057 Drak.
282 2994 403 3059 Stroth.
438 2997 481 3058 ad
508 2997 608 3080 pedes
635 3018 748 3082 pupae
780 2996 882 3058 luerat
911 2995 1027 3059 cels.
1051 2997 1141 3058 st.
1165 2996 1212 3057 00.
1238 2997 1265 3057 l.
1289 2996 1406 3058 Tenbn.

148 3117 263 3182 aacepe
289 3118 401 3182 pupae
434 3107 501 3159 erat
533 3098 560 3157 P
594 3117 633 3158 m.
667 3099 696 3164 2.
728 3097 851 3159 1.Ald.
876 3097 949 3160 Sob.
973 3097 1065 3158 Frob.
1091 3095 1183 3160 Grut.
1207 3118 1320 3182 auceps
1342 3106 1409 3158 erat

148 3198 179 3258 3.
213 3198 296 3279 Meg.
330 3234 371 3244 —
404 3197 418 3280 §
448 3197 606 3261 800010
631 3196 1409 3279 001100.010.οο1.0οο0.010.Μνς.00

149 3298 176 3359 P
199 3296 295 3360 (1000.
318 3297 416 3360 Drak.
440 3298 531 3360 st.
555 3299 629 3360 Wfl.
674 3297 808 3378 Saepius
831 3306 993 3361 mutantur
1015 3321 1035 3359 c
1057 3307 1089 3360 et
1111 3300 1132 3360 l.

232 3425 283 3508 47,
319 3433 339 3494 3
375 3433 418 3496 cd
446 3443 602 3497 eeaecretoe
624 3455 641 3496 e
662 3433 794 3515 Polybio
817 3433 957 3496 restituit
980 3433 1075 3497 Gron.
1099 3432 1238 3497 001000
1259 3435 1295 3497 P.
1339 3435 1408 3497 Ita-

149 3551 211 3614 que
235 3540 369 3614 apparet
390 3548 437 3598 Dc
458 3534 489 3596 iu
512 3549 567 3608 00,
589 3534 701 3597 deinde
724 3534 754 3596 in
778 3548 848 3598 1100
871 3541 904 3597 01
926 3535 964 3596 ob
987 3535 1247 3615 praepositionem
1270 3535 1407 3599 inesse

149 3631 275 3696 abiisse.
320 3632 441 3720 aliquot
463 3636 533 3698 edd.
557 3643 631 3700 anta
654 3634 750 3700 Gran.

234 3761 287 3842 47,
321 3769 340 3830 3
373 3779 567 3832 aemulorum
600 3769 676 3831 ahoe
710 3769 776 3832 1000
810 3777 842 3832 01
875 3789 942 3850 000.
966 3773 1107 3851 sequenti
1130 3792 1189 3834 non
1213 3779 1408 3834 catarecte

150 3878 303 3942 moratae,
338 3871 392 3932 sed
428 3880 585 3944 0000010ος
605 3890 704 3951 neque
727 3878 827 3944 00101,
850 3871 901 3951 qni
925 3872 964 3932 00
988 3875 1168 3935 morandum
1191 3872 1285 3934 alium
1309 3872 1408 3935 relicti

149 3976 235 4043 0001,
268 3971 324 4032 000
348 3971 408 4050 10οἰ
431 3990 535 4034 moras
559 3979 696 4034 nectunt.
740 3971 784 4033 Et
804 3971 852 4033 ita
875 3972 968 4034 etiam
992 3972 1074 4035 infra
1096 3974 1146 4047 24,
1168 3974 1220 4046 41,
1243 3973 1263 4035 4
1286 3975 1324 4036 00
1348 3975 1408 4036 000

149 4070 238 4132 milia
273 4080 332 4132 ant
367 4079 558 4134 moratorum
594 4081 650 4134 aut
683 4073 855 4152 palantium
893 4092 950 4153 per
982 4093 1072 4154 agros
1093 4075 1287 4137 interfecta».
1310 4074 1407 4136 Dralr.

148 4180 360 4234 «000001000οη
388 4183 579 4246 amoratoc,
605 4175 643 4235 de
666 4173 775 4248 milite,
799 4174 851 4253 qui
876 4192 979 4236 moras
1002 4176 1143 4238 iaciendo
1167 4176 1207 4238 ab
1230 4175 1351 4256 agmine
1374 4196 1407 4238 se

150 4272 285 4352 seiungit
308 4280 340 4334 et
362 4281 434 4353 post
457 4293 567 4354 agmen
591 4276 713 4336 demum
731 4274 940 4354 subsequitur.
957 4295 1012 4338 nos
1027 4277 1250 4358 Nachzi‘rgler».
1263 4277 1408 4356 Deering.

148 4371 299 4434 Similiter
331 4372 491 4436 Woelfflin
526 4375 640 4456 aliique
672 4375 927 4454 interpretantur.
973 4377 1059 4440 Onrt.
1082 4379 1112 4451 4,
1135 4378 1185 4451 40,
1213 4378 1408 4439 100100010-

150 4493 210 4546 000,
243 4473 310 4535 «ein
345 4473 543 4538 livianisches
576 4475 670 4538 Wort
702 4476 752 4536 fiir
786 4477 842 4537 das
876 4478 1036 4540 moderne:
1069 4479 1300 4540 Marodenr».
1349 4477 1407 4539 Inl.

149 4575 304 4636 Muetzell.
359 4574 426 4636 Ibm
462 4575 496 4638 O.
527 4577 563 4638 T.
587 4577 718 4656 Zumpt:
742 4576 934 4639 «Moratores
957 4587 1031 4641 sunt
1054 4601 1112 4641 non
1137 4580 1189 4660 qni
1212 4579 1318 4641 hostes
1342 4598 1408 4640 rno-

149 4683 271 4748 rantnr‚
307 4682 344 4736 nt
377 4674 515 4738 Gronov.
538 4676 630 4740 Obss.
649 4676 691 4750 ΙΙ,
713 4676 734 4739 8
756 4678 891 4757 putavit,
914 4680 967 4740 sed
992 4680 1043 4759 qni
1067 4680 1182 4742 maiore
1204 4689 1294 4760 parte
1318 4698 1408 4741 exer-

150 4774 230 4838 citus
254 4794 437 4856 praegressa
466 4786 522 4839 aut
544 4779 583 4840 01)
606 4779 760 4840 delectum
785 4777 894 4840 virium
918 4788 974 4840 aut
996 4781 1167 4861 praedendi
1191 4799 1286 4841 cansa
1306 4788 1408 4842 retar-

150 4877 218 4938 dati
252 4885 424 4939 extremum
454 4878 543 4960 qnasi
578 4897 687 4961 agmen
722 4879 933 4942 claudunt...
971 4881 1106 4945 Videtur
1139 4882 1210 4943 hinc
1233 4881 1407 4943 derivatum

197 4986 324 5036 11010011,
342 4987 497 5036 Epileaoma
509 4989 539 5028 ad
555 4989 579 5028 Τ.
594 4989 655 5028 utcu
669 4988 749 5027 latren
762 4989 889 5028 0100010000)
900 4990 1003 5038 primun.
1345 4992 1358 5030 11
