3574 5632
354 603 391 656 26
551 602 750 674 Epilogomeno
772 603 806 658 ad
830 603 861 656 T.
886 602 957 658 Livii
980 601 1081 656 librum
1106 603 1268 658 vicesimum
1290 600 1421 672 primum.

354 795 421 838 esse
454 776 587 851 videtur,
624 777 648 838 ei
672 777 712 838 ab
734 775 822 838 initio
845 775 943 838 solum
966 774 1042 837 illud
1064 793 1238 854 «regressus
1261 777 1299 838 ad
1323 793 1436 840 neves»
1459 772 1613 855 seriptum

354 885 446 950 esset,
481 896 539 939 non
574 880 712 940 futurum
746 876 851 950 fuisse,
880 884 916 938 ut
937 876 1021 938 istud
1044 877 1206 938 accederet
1228 877 1476 940 additamentum
1499 894 1555 954 per
1577 893 1614 936 se

353 978 445 1040 valde
479 979 657 1040 absurdum.
716 978 815 1041 Caute
849 979 991 1040 lacunam
1016 977 1201 1039 monstravit
1223 978 1325 1051 st.,
1349 985 1443 1057 atque
1464 976 1511 1038 ita
1533 975 1614 1039 illud

354 1081 499 1142 damnum
534 1079 641 1141 sarciri
676 1099 766 1159 posse
801 1079 944 1152 arbitror,
977 1078 1002 1140 si
1036 1077 1132 1139 verba
1164 1081 1204 1140 ed
1227 1077 1414 1142 senteutiam
1437 1077 1529 1140 buius
1552 1076 1613 1138 loci

354 1187 431 1260 apta
466 1179 665 1242 inveniantur
698 1181 737 1242 ab
762 1199 797 1242 eo
820 1179 1011 1258 incipientia,
1034 1179 1115 1240 unde
1138 1180 1177 1242 ad
1201 1181 1242 1254 id,
1266 1180 1346 1262 quod
1371 1179 1496 1252 mansit,
1519 1176 1614 1240 lacile

355 1280 549 1342 aberraverit
582 1281 689 1342 oculus
723 1280 937 1342 describentis.
987 1280 1100 1359 Itaque
1128 1280 1159 1341 in
1188 1281 1269 1342 hunc
1291 1281 1355 1342 sere
1379 1281 1501 1342 modum
1525 1297 1614 1340 com-

354 1382 546 1460 pensandum
571 1382 708 1444 videtur:
733 1381 809 1465 quia
831 1381 962 1463 adsequi
984 1390 1069 1441 terro
1090 1401 1152 1442 noo
1170 1392 1324 1465 poteram,
1347 1399 1614 1464 oequeepreoco

355 1481 516 1564 loupiac
549 1492 653 1544 totos
684 1503 842 1565 reprecans
875 1481 917 1543 od
939 1501 1032 1543 nones
1053 1492 1128 1543 erat.
1171 1484 1222 1544 Ex
1245 1482 1363 1563 vulgari
1387 1481 1511 1562 quidem
1535 1499 1613 1542 con-

353 1583 517 1647 suetudine
546 1583 730 1645 transitione
754 1585 792 1644 ad
816 1602 947 1663 sequens
971 1583 1097 1644 verbum
1122 1584 1279 1646 consimile
1302 1583 1394 1645 citius
1417 1583 1503 1644 facta
1518 1581 1613 1644 scribi

353 1684 489 1746 debebat
525 1705 663 1766 apresens
698 1684 741 1746 ad
773 1705 876 1757 noves,
905 1691 941 1744 ut
963 1703 994 1745 re
1018 1702 1092 1744 vora
1114 1691 1162 1747 est
1185 1685 1267 1764 apud
1301 1683 1391 1746 Grut.
1417 1703 1453 1744 ac
1476 1683 1612 1744 fortasse

354 1786 394 1847 ab
416 1785 504 1846 initio
527 1785 587 1846 fuit
609 1786 639 1846 iu
664 1785 731 1846 cdd.
777 1785 884 1846 Verba
907 1785 1013 1846 eadem
1038 1791 1093 1845 aut
1115 1785 1230 1846 similia
1252 1804 1347 1864 parvo
1369 1783 1534 1846 intervallo
1561 1803 1613 1844 re-

352 1885 453 1966 petite
476 1886 564 1947 Livio
588 1894 662 1948 suut
684 1886 860 1947 familiaria.

437 1987 483 2048 lb.
518 1995 635 2069 quantu
670 1987 806 2048 manime
830 1987 924 2070 potui
957 1983 1111 2048 celeritate
1144 1987 1204 2048 CM
1227 1986 1295 2048 Als.
1319 1987 1410 2049 st.
1434 1987 1513 2047 Fab.
1536 1985 1613 2066 Mvg

354 2089 401 2150 ed.
440 2086 465 2148 l.
500 2087 573 2149 Wfl.
608 2097 726 2170 quanta
760 2088 896 2150 marinae
928 2085 982 2149 001.
1012 2087 1107 2170 potui
1137 2088 1163 2148 1.
1186 2088 1216 2148 3.
1239 2089 1321 2167 Mog.
1345 2087 1418 2148 Ald.
1442 2087 1511 2148 Iun.
1535 2087 1611 2148 Sob.

353 2188 444 2251 Frob.
479 2188 571 2251 Grut.
595 2198 714 2272 quanto
736 2189 877 2250 monimo
900 2186 952 2250 cel.
971 2189 1066 2271 potui
1088 2187 1184 2250 Gron.
1207 2187 1305 2250 Drak.
1329 2197 1447 2272 quanto
1469 2188 1613 2250 01001010

347 2289 440 2374 poteri
477 2287 530 2350 ool.
570 2290 645 2371 Mvg
682 2292 729 2352 ed.
766 2291 795 2350 3.
855 2290 1051 2352 conferenda
1083 2289 1162 2350 haec
1190 2288 1613 2371 sunt:9‚10,10quauta

353 2389 518 2452 inaximo
552 2399 676 2470 poterat
697 2391 727 2451 vi
751 2390 892 2470 perculit,
915 2389 945 2465 9,
968 2391 1018 2462 24,
1041 2387 1061 2451 9
1084 2390 1219 2451 decurrit
1241 2391 1313 2451 iude
1336 2397 1452 2471 quanto
1476 2389 1612 2452 maxime

354 2498 479 2572 poterat
501 2511 569 2552 cum
593 2493 740 2564 tumultu,
767 2493 814 2565 10,
836 2492 887 2564 40,
910 2491 930 2552 8
952 2491 1102 2552 Nautium
1127 2491 1225 2552 mulos
1248 2491 1462 2572 iubetquauto
1477 2491 1613 2552 maximo

355 2600 462 2672 posset
495 2600 578 2654 moto
613 2593 737 2672 pulvere
771 2595 944 2665 ostendere,
977 2592 1028 2666 24,
1063 2592 1114 2664 35,
1147 2590 1273 2674 5(οο0.
1296 2592 1339 2676 P)
1362 2592 1552 2673 perpulerat,
1576 2599 1612 2652 ut

354 2700 490 2774 quantae
514 2693 647 2754 maxime
675 2702 803 2774 possent
826 2693 931 2772 copiae
954 2693 1186 2767 traiicerentur3
1209 2691 1260 2766 36,
1282 2694 1333 2765 44,
1356 2694 1376 2755 4
1398 2689 1518 2779 (ncodd.
1542 2711 1608 2754 om·

353 2814 407 2856 nes
441 2804 473 2854 et
506 2795 574 2860 edd.
608 2794 758 2878 primae»)
783 2802 901 2876 quante
924 2794 1057 2856 maxime
1081 2793 1241 2855 celeritate
1265 2802 1370 2874 potest
1393 2794 1529 2858 concitat
1552 2813 1611 2854 ua·

355 2913 418 2956 ves.
472 2895 677 2976 Frequentior
704 2903 808 2958 tamen
832 2895 933 2957 estin
957 2895 1015 2958 hac
1038 2894 1191 2956 locutione
1214 2914 1287 2958 usus
1310 2895 1471 2958 adiectivi:
1497 2895 1546 2968 10,
1560 2891 1613 2966 29,

354 2994 513 3076 9qneuto
546 2996 708 3058 maximo
737 3005 864 3076 possent
886 2996 1004 3078 impetu
1037 2997 1238 3068 incurrerent,
1271 2997 1323 3069 23,
1359 2995 1407 3071 16,
1432 2997 1470 3058 12
1493 3003 1612 3076 quanto

356 3097 491 3158 maximo
525 3106 653 3175 possent
685 3098 803 3176 impetu
837 3098 866 3159 iu
891 3098 1012 3159 hostem
1036 3117 1195 3176 erumpere
1218 3097 1315 3170 iubet,
1338 3091 1463 3170 27,49,
1488 3097 1502 3158 1
1528 3095 1613 3160 scal·

356 3217 443 3278 prum
476 3205 592 3278 quanto
615 3198 749 3260 maximo
772 3207 897 3278 poteret
924 3199 988 3260 ictu
1011 3198 1168 3278 adigebat,
1191 3197 1242 3271 28,
1268 3199 1294 3271 l,
1317 3197 1337 3260 6
1360 3196 1486 3280 quantis
1509 3197 1613 3259 maxi-

353 3298 412 3362 mis
443 3297 545 3378 potuit
566 3299 730 3361 itineribus
752 3318 962 3380 praegressus,
984 3300 1034 3371 28,
1057 3298 1086 3370 8,
1109 3301 1183 3360 200
1206 3306 1324 3379 quanta
1347 3299 1484 3362 maxima
1505 3306 1614 3378 posset

355 3400 515 3462 celeritate
548 3400 700 3473 tenderet,
734 3399 785 3474 28,
819 3400 870 3474 36,
906 3402 919 3462 l
957 3402 1110 3462 conducta
1143 3399 1304 3462 Gallorum
1334 3408 1452 3480 quanta
1475 3399 1613 3462 maxima

354 3508 460 3581 posset
492 3499 666 3575 iuventute,
699 3495 749 3573 37,
783 3501 834 3576 59,
869 3503 882 3562 l
920 3501 979 3564 diis
1002 3509 1138 3582 quantus
1161 3501 1314 3564 maximus
1338 3509 1462 3581 poterat
1484 3501 1612 3562 habitus

355 3608 403 3664 est
439 3601 545 3674 honor,
578 3603 629 3677 42,
664 3596 693 3676 7,
726 3602 746 3664 6
774 3603 803 3666 iu
827 3601 933 3666 hostes
957 3611 1073 3683 quanto
1096 3602 1230 3664 maximo
1253 3611 1382 3682 possent
1403 3603 1540 3665 tumultu
1563 3601 1611 3664 in·

356 3710 491 3776 currant,
520 3702 571 3775 44,
594 3697 645 3778 27,
671 3705 708 3764 12
730 3711 850 3785 quanta
872 3703 1009 3766 maxime
1030 3712 1137 3783 posset
1158 3704 1276 3783 praeda
1297 3702 1447 3766 Romanis
1468 3721 1611 3766 reserve-

355 3810 456 3876 retur;
492 3804 540 3875 10,
575 3802 626 3877 39,
659 3803 679 3866 9
712 3812 831 3886 quanta
864 3805 1000 3867 maxima
1031 3805 1062 3865 vi
1097 3813 1205 3884 posset
1232 3823 1421 3885 oppugnare,
1446 3806 1495 3874 10,
1517 3803 1612 3876 41,8

356 3911 474 3984 quauta
508 3905 645 3966 maxima
675 3905 706 3966 vi
740 3913 867 3985 possent
896 3905 1088 3968 concitarent
1111 3906 1231 3986 equites
1254 3906 1285 3966 in
1308 3905 1442 3984 hostem,
1464 3907 1515 3978 22,
1537 3906 1568 3978 3,
1590 3903 1610 3966 6

356 4013 504 4085 quautam
539 4006 706 4068 maximam
741 4006 922 4069 vastitatem
955 4015 1059 4086 potest
1093 4008 1240 4081 ostendit,
1274 4001 1324 4083 27,
1358 4007 1409 4079 41,
1442 4004 1462 4068 9
1490 4006 1610 4087 equites

356 4114 471 4186 quanto
505 4107 639 4168 maximo
672 4107 791 4186 impetu
814 4108 913 4187 possit
936 4109 966 4172 in
990 4109 1109 4170 hostem
1134 4109 1270 4180 emittat,
1292 4102 1343 4181 27,
1365 4108 1416 4180 43,
1442 4108 1480 4168 12
1503 4106 1609 4170 consul

356 4206 481 4287 quantis
518 4207 661 4270 maximis
694 4207 857 4270 itineribus
891 4217 1017 4288 poteret
1044 4211 1084 4270 ad
1108 4209 1257 4288 collegam
1276 4209 1421 4282 ducebat,
1444 4209 1495 4282 30,
1517 4207 1610 4280 25,8

357 4307 552 4370 Concitatem
580 4308 672 4370 remis
702 4328 810 4370 navem
835 4319 951 4390 quanto
975 4310 1108 4372 maximo
1131 4311 1249 4390 impetu
1273 4317 1419 4390 poterant
1439 4309 1470 4370 iu
1494 4317 1607 4370 terram

356 4407 560 4481 immiserant,
593 4409 644 4478 42,
680 4410 727 4482 15,
764 4411 777 4470 l
814 4419 932 4491 quanta
955 4411 1091 4472 maxima
1114 4411 1273 4474 celeritate
1297 4417 1420 4490 poterat
1441 4429 1608 4490 regressus.

356 4509 463 4589 Usque
497 4529 531 4570 eo
565 4510 788 4589 superlativum
812 4519 845 4572 et
866 4511 1004 4574 adverbii
1028 4519 1058 4573 et
1082 4511 1228 4574 adiectivi
1250 4511 1388 4592 proxime
1411 4509 1537 4592 saepius
1559 4530 1609 4572 se

356 4609 461 4689 quitur
494 4612 620 4673 uerbum
657 4629 748 4692 quem
782 4613 1023 4675 substantivum.
1079 4613 1167 4676 Licet
1195 4613 1346 4692 suspicari
1370 4631 1610 4692 nonnumquam,

356 4718 391 4770 ut
424 4709 481 4772 boc
516 4711 592 4786 loco,
624 4713 656 4774 in
690 4732 749 4793 qun
782 4733 952 4788 versamur,
978 4715 1094 4776 lectum
1119 4722 1168 4776 est
1189 4713 1219 4778 iu
1244 4713 1428 4795 quibusdem
1452 4712 1534 4786 eud,
1557 4731 1610 4773 ac-

358 4811 602 4874 commodatione
637 4814 676 4876 ad
712 4813 944 4878 substantivum
977 4835 1108 4897 sequens
1145 4815 1325 4878 adverbium
1359 4814 1389 4877 in
1424 4812 1609 4878 adicotivum
