3574 5632
380 633 419 688 80
664 633 864 704 Epilegomena
885 633 921 688 ad
943 632 974 686 T.
1000 633 1070 687 Livii
1094 633 1196 687 librum
1218 633 1348 702 primum.

454 805 484 876 3,
507 778 546 864 2'9
576 805 606 865 in
637 824 742 885 agrum
773 806 1005 866 Laurentem
1029 805 1175 866 exissent.
1200 805 1388 868 »laurentem
1412 805 1531 868 MRNS
1556 806 1640 866 Ver.

370 907 463 967 Laur.
491 906 515 964 l.
540 907 568 964 2.
592 907 621 966 3.
644 906 759 984 Magl.»
781 906 943 969 Riemann.
988 905 1078 975 Quod
1102 907 1160 967 hoo
1182 906 1248 968 loeo
1271 905 1358 988 (uam
1384 906 1484 977 aliter,
1508 914 1543 966 ut
1568 925 1643 967 mo-

370 1007 431 1077 nui,
454 1007 468 1086 ξ
491 1007 511 1065 4
534 1005 661 1088 legitur)
683 1007 714 1067 in
737 1007 801 1068 MR
823 1007 866 1066 sio
890 1007 947 1085 legi
971 1007 1156 1086 negaverim,
1180 1006 1218 1067 de
1241 1008 1352 1068 ceteris
1375 1007 1444 1068 odd.
1467 1007 1636 1068 addubito.

369 1107 483 1168 Facilis
507 1106 566 1167 fuit
588 1108 776 1185 permutatio
799 1108 933 1168 locorum
957 1107 1135 1168 vicinorum.
1169 1108 1204 1168 In
1230 1107 1385 1188 plerisque
1407 1108 1519 1168 saltem
1535 1115 1639 1188 etque

371 1208 496 1287 optimis
531 1216 653 1268 exstare
682 1209 731 1268 »in
760 1228 867 1288 agrum
892 1208 1098 1268 laurentinam
1122 1209 1277 1269 exissent»
1301 1209 1395 1270 etiam
1420 1207 1528 1279 exiis,
1552 1228 1640 1288 quae

370 1309 479 1380 Drak.‚
502 1308 620 1381 Alseh,
643 1309 739 1370 Hertz
762 1309 944 1380 retulerunt,
968 1309 1058 1369 facile
1082 1317 1223 1387 apparet.
1260 1311 1293 1370 M
1317 1311 1357 1370 ab
1380 1309 1507 1370 Hertzio
1531 1309 1639 1370 uomi-

372 1409 469 1470 uatinr
504 1408 551 1469 his
585 1411 814 1470 adnumeratur.
859 1410 1011 1489 Equidem
1040 1409 1069 1471 id
1101 1418 1221 1471 tanturn
1252 1409 1397 1482 indicavi,
1421 1409 1522 1471 mein
1547 1410 1639 1470 nullo

372 1509 474 1570 codice
498 1509 580 1571 aliud
605 1510 653 1570 hic
676 1530 766 1589 quam
791 1511 997 1571 laurentiuum
1021 1510 1144 1571 vidisse.

455 1611 505 1682 22,
528 1611 564 1671 21
602 1610 713 1671 »etiam
747 1611 883 1672 romulus
911 1610 950 1682 R,
978 1611 1072 1671 etiam
1101 1612 1218 1672 romulo
1241 1631 1281 1671 r».
1325 1611 1489 1673 Riemann.
1522 1610 1638 1672 Prima

372 1721 476 1772 autem
500 1711 654 1790 scriptura
677 1719 725 1772 est
746 1707 812 1776 (did
838 1709 950 1772 marrini.
992 1712 1096 1790 Supra
1118 1731 1240 1773 versum
1264 1720 1336 1790 post
1360 1713 1369 1772 l
1392 1711 1533 1774 additum
1553 1719 1639 1772 esto

373 1831 440 1872 eum
464 1812 618 1873 inserendi
642 1821 725 1872 nota.
748 1849 789 1857 -
811 1811 861 1886 24,
884 1814 903 1872 3
926 1813 1065 1891 »propior
1088 1833 1120 1873 es
1143 1813 1257 1874 vulsois
1281 1813 1335 1876 R».
1368 1812 1532 1874 Riemann.
1560 1811 1639 1873 Lit-

372 1921 457 1973 terae
480 1933 497 1972 n
519 1935 550 1972 es
576 1913 608 1972 in
637 1932 745 1973 rasura
772 1913 907 1993 scriptae
936 1920 1020 1984 suut,
1048 1921 1213 1993 sequentes
1241 1913 1381 1994 syllabae
1404 1913 1573 1987 seiunctae,
1599 1920 1640 1974 ut

370 2013 514 2104 iudicavi.
537 2049 578 2058 -
599 2013 650 2086 25,
676 2015 689 2073 l
715 2013 762 2074 »id
786 2015 985 2076 sanciendum
1010 2022 1058 2082 est
1075 2013 1130 2075 R».
1170 2016 1202 2074 ln
1227 2015 1313 2074 exitu
1335 2034 1443 2076 versus
1467 2021 1573 2075 exstat
1596 2013 1639 2074 id

373 2133 440 2175 cum
474 2113 595 2192 virgula
627 2133 719 2192 super
753 2135 916 2177 oousouam
947 2121 975 2187 ct,
1009 2123 1044 2175 ut
1077 2115 1117 2174 sit
1150 2114 1240 2176 idem.
1271 2151 1311 2160 -
1337 2114 1389 2187 25,
1417 2115 1457 2176 35
1491 2115 1640 2176 »concla-

374 2223 512 2274 massent
545 2214 600 2275 R».
646 2215 744 2276 Credo
778 2235 825 2276 me
859 2223 942 2277 reate
975 2215 1086 2294 legisse
1120 2213 1312 2278 clamassent.
1335 2251 1377 2262 -
1398 2213 1465 2288 »28,
1491 2216 1529 2277 13
1558 2235 1638 2276 cou-

372 2323 585 2395 structumque
609 2323 657 2377 est
678 2315 721 2376 ibi
743 2316 798 2377 R».
842 2316 1003 2378 Riemann.
1040 2317 1200 2378 Contendo
1224 2324 1328 2378 autem
1351 2317 1381 2378 R
1402 2317 1526 2389 habere,
1550 2317 1638 2396 quod

374 2416 606 2490 adnotaveram,
629 2425 838 2479 constructum
860 2427 903 2478 est
925 2415 979 2478 ibi.
