3584 5632
444 651 645 722 Iipilegomena
667 651 704 706 od
726 650 759 707 Τ.
781 648 854 705 bivii
876 649 979 706 librum
1002 649 1133 718 primum.
1378 647 1417 703 35

138 824 259 888 centis
292 822 421 886 arbitrio
449 820 715 906 circumscripta);
743 821 892 884 obnoxios
914 819 1135 884 summiserant
1157 821 1276 884 animos
1299 819 1346 904 (6,
1368 821 1419 893 34,

139 926 182 998 3,
217 925 237 986 i.
262 945 288 986 e.
310 925 358 986 ita
379 931 414 985 ut
437 923 622 986 creditorum
646 923 773 984 arbitrio
797 923 922 985 obnoxii
944 921 1080 1006 fierent).
1124 921 1189 983 Vix
1211 931 1316 983 antem
1338 921 1419 983 bene

142 1026 276 1090 dicitnr
306 1024 458 1086 obnoxius
486 1032 598 1098 metus,
627 1023 716 1105 quasi
739 1024 781 1085 sit
803 1030 905 1086 metus
927 1023 1056 1086 aliorum
1079 1023 1207 1103 imperio
1231 1022 1420 1104 arbitrioque

143 1126 328 1188 subiectus.
373 1125 497 1186 Anxius
530 1145 602 1187 vero
632 1144 699 1186 cum
729 1124 881 1187 similibus
909 1124 1116 1186 substantivis
1137 1124 1275 1205 iungitur
1296 1124 1420 1205 vimque

146 1227 295 1289 activam
329 1227 427 1288 habet
459 1226 508 1288 vel
542 1225 679 1306 proprie:
714 1226 848 1288 dolorem
878 1226 1025 1299 efficiens,
1049 1232 1084 1287 nt
1105 1225 1186 1287 Plin.
1210 1245 1239 1286 n.
1261 1224 1293 1286 b.
1317 1223 1367 1299 la,
1389 1223 1420 1298 8,

150 1328 201 1390 18
234 1328 326 1408 spina
359 1347 485 1389 accessu
518 1335 646 1407 propter
678 1327 802 1388 aculeos
833 1326 936 1401 anxio,
965 1327 1014 1388 vel
1040 1327 1210 1388 translate:
1238 1324 1421 1398 sollicitans,

148 1428 362 1499 discrucians,
387 1427 560 1507 inquietum
588 1435 709 1500 tenens,
732 1434 768 1488 ut
790 1427 902 1490 anxiae
925 1445 1017 1488 curae
1039 1427 1107 1488 Liv.
1133 1427 1160 1500 l,
1182 1426 1234 1500 56,
1256 1426 1286 1500 4,
1309 1427 1421 1488 anxius

150 1529 255 1592 timor
277 1529 364 1609 Virg.
388 1528 467 1590 Aen.
490 1527 521 1602 9,
542 1527 594 1604 89,
617 1528 826 1609 aegritudines
849 1527 961 1590 anxiae
984 1527 1048 1590 Cic.
1072 1529 1164 1590 Tusc.
1185 1527 1216 1602 4,
1241 1528 1290 1601 lb,
1312 1528 1422 1609 Tityos

155 1649 254 1712 quem
284 1629 426 1691 volucres
454 1629 595 1691 lacerant
621 1637 716 1709 atque
739 1636 828 1691 exest
851 1629 962 1690 anxins
985 1647 1081 1709 angor
1103 1629 1194 1692 Luor.
1217 1630 1248 1701 3,
1270 1626 1329 1690 991
1354 1628 1423 1709 (qui

154 1739 211 1793 est
240 1730 421 1794 notissimus
448 1729 672 1813 pleonasmus).
716 1730 765 1791 Ac
793 1731 829 1802 si,
853 1737 925 1790 ntra
948 1750 986 1791 ex
1009 1728 1124 1810 ongine
1148 1729 1332 1809 depravatio
1355 1749 1423 1791 ma-

155 1831 280 1894 nifesta
300 1831 423 1892 facilins
445 1838 516 1892 orta
537 1831 589 1903 sit,
612 1831 781 1911 quaeritur,
804 1830 937 1909 plurium
961 1831 1136 1892 litterarum
1160 1830 1332 1892 mutatione
1355 1828 1423 1891 ide·

156 1951 241 2014 oque
264 1931 365 1994 minus
387 1931 480 1994 facile
501 1951 572 2011 »pro
595 1931 745 1995 obnoxio»
767 1949 858 2012 qnam
878 1950 949 2012 »pro
966 1931 1076 1993 anxio»
1088 1931 1183 1993 vertit
1195 1931 1226 1992 in
1238 1931 1422 2010 aproximo».

246 2033 340 2106 21,4
368 2031 470 2094 bloet.
514 2033 643 2094 Habent
672 2033 740 2093 cdd.
764 2030 824 2094 soli
837 2031 920 2118 fidei
937 2030 1091 2105 sollemne,
1114 2033 1194 2113 quod
1216 2032 1288 2094 inde
1311 2032 1351 2092 ab
1374 2032 1422 2094 ed.

161 2135 192 2196 l.
221 2133 375 2196 tenaciter
407 2142 611 2196 servaverunt
639 2133 737 2195 critici
764 2132 893 2216 (saltem
916 2134 1048 2213 primum
1071 2133 1156 2195 istud
1179 2133 1266 2194 uncis
1288 2133 1423 2195 incluse-

159 2235 263 2318 runt),
286 2233 428 2315 quamvis
450 2232 511 2298 soli
531 2253 637 2296 vocem
661 2233 829 2296 ascititiam
854 2251 921 2296 esse
935 2234 1149 2296 intellexerint
1165 2233 1321 2314 Sigonius,
1338 2233 1423 2316 Ityo-

161 2334 264 2416 qnius‚
296 2335 431 2409 Crevier,
459 2335 580 2408 Stroth,
603 2335 666 2397 alii.
710 2335 817 2396 Prima
840 2333 919 2396 enim
943 2335 1066 2417 syllaba
1088 2335 1247 2416 sequentis
1269 2331 1423 2407 sollemne,
1478 2393 1482 2402 ,

162 2437 245 2517 qnod
268 2455 475 2517 praepropere
496 2435 590 2498 scribi
613 2443 756 2515 coeptum
779 2442 857 2509 erat,
881 2455 993 2498 manca
1014 2435 1164 2498 derelicta
1185 2436 1247 2497 isto
1270 2435 1423 2497 modoad

161 2555 297 2618 sequeus
323 2535 406 2624 fidei
438 2537 674 2600 accommodata
706 2543 764 2598 est.
808 2535 857 2598 of.
885 2532 959 2610 st
986 2537 1025 2598 ab
1049 2555 1085 2599 eo
1108 2537 1150 2598 ali
1173 2537 1297 2599 coloniae
1320 2537 1424 2618 aliquo

162 2639 208 2712 M,
242 2638 323 2700 unde
356 2637 476 2719 aliquot
509 2638 646 2700 coloniae
680 2645 782 2699 ortum
816 2645 874 2698 est.
918 2637 992 2700 Vid.
1023 2637 1105 2699 inira
1133 2639 1173 2699 ad
1196 2637 1247 2711 54,
1269 2637 1289 2699 t
1312 2637 1424 2701 Gabiis

162 2747 280 2820 posset.

249 2841 301 2914 22,
323 2841 343 2900 2
366 2861 460 2923 quarn
481 2837 648 2911 Romulus,
671 2839 751 2920 qnod
775 2837 847 2901 olim
871 2840 911 2901 ad
932 2839 1025 2900 fidem
1049 2839 1188 2901 codicum
1208 2839 1351 2901 ultimum
1371 2857 1427 2900 ex·-

163 2940 298 3002 hibitnm
327 2941 432 3002 fuerat
457 2940 489 3002 in
516 2941 564 3002 ed.
587 2939 681 3020 Meg,
704 2947 775 3018 post
796 2946 953 3001 mecentos
977 2958 1074 3001 annos
1095 2940 1127 3000 iu
1149 2940 1197 3000 ins
1219 2957 1309 3000 sunm
1331 2937 1427 3000 resti-

163 3048 269 3104 tutum
296 3049 346 3104 est
373 3042 413 3102 ab
442 3040 551 3102 Alsoh.
574 3039 735 3102 Asulanus
758 3059 797 3101 ex
819 3039 978 3121 cisalpinis
999 3038 1180 3120 vulgaribus
1201 3038 1336 3119 sumpsit
1357 3037 1427 3102 Ro·

164 3141 261 3216 mulo,
292 3142 372 3224 quod
400 3141 553 3223 hodieque
574 3141 606 3203 in
629 3141 791 3203 tritissimo
815 3141 956 3222 exemplo
979 3140 1139 3202 lectitatur
1160 3139 1191 3202 in
1215 3139 1427 3222 grammaticis

165 3242 300 3306 Latinis.

248 3344 343 3418 22,5
372 3343 500 3406 eornttcr
527 3342 670 3404 omnibus
692 3343 884 3422 temporibus
907 3341 1021 3405 lectum
1045 3342 1115 3415 fnit,
1138 3348 1307 3423 antequam
1329 3343 1427 3404 Hertz

166 3446 248 3508 ooma'
263 3443 374 3530 fronte
396 3443 531 3524 scripsit,
554 3463 644 3524 quem
667 3443 765 3506 secuti
788 3451 862 3505 sunt
883 3442 1012 3523 Madvig
1034 3450 1129 3523 atque
1151 3443 1182 3504 in
1206 3445 1253 3504 ed.
1272 3442 1301 3506 6.
1320 3443 1427 3506 Weis-

166 3547 254 3608 senb.
287 3546 347 3608 Est
368 3545 449 3607 enim
472 3545 504 3606 in
528 3545 596 3606 cdd.
619 3545 735 3624 duplex
758 3544 913 3624 scriptura
935 3544 1016 3606 comi
1026 3542 1137 3629 fronte
1154 3545 1290 3618 comiter,
1309 3545 1347 3607 de
1367 3563 1429 3627 qna

167 3646 365 3720 Gebhardns,
388 3645 441 3708 »Si
464 3645 532 3726 quis
555 3665 604 3707 me
626 3651 741 3726 roget»,
764 3644 874 3726 inquit,
897 3644 989 3724 »qnid
1007 3644 1151 3719 sentiam,
1170 3645 1197 3706 ei
1212 3647 1427 3726 respondeam,

167 3749 246 3811 duas
275 3747 355 3809 istas
378 3745 608 3818 voculascomi
622 3744 733 3831 fronte
755 3765 823 3808 esse
845 3745 1016 3825 irreptitias
1039 3747 1184 3826 glossas».
1229 3747 1299 3808 Mos
1322 3754 1427 3808 autem

168 3849 229 3912 fnit
256 3848 404 3929 antiquus
432 3856 488 3910 ant
515 3847 547 3908 iu
569 3847 708 3927 margine
731 3854 786 3908 aut
808 3847 889 3908 inter
910 3866 1019 3908 versus
1041 3847 1138 3909 verba
1159 3865 1315 3927 apponere
1338 3847 1428 3910 modo

167 3951 208 4012 ad
235 3955 456 4030 argumentum
478 3949 714 4010 monstrandum
737 3949 827 4009 modo
849 3947 1077 4027 interpretandi
1100 3967 1205 4020 causa,
1229 3943 1428 4028 quamobrem

167 4069 229 4112 non
251 4049 374 4124 mirum,
396 4049 422 4110 si
444 4047 494 4110 hic
517 4049 556 4110 ad
579 4048 788 4110 narrationem
812 4049 850 4110 de
872 4047 985 4130 legatis
1008 4067 1027 4108 a
1049 4049 1141 4110 Tullo
1163 4049 1294 4111 »blande
1317 4069 1354 4112 ac
1372 4051 1429 4112 be-

168 4151 277 4233 nigue»
307 4149 447 4229 exceptis
474 4169 546 4212 vere
574 4155 668 4230 atque
692 4157 801 4229 argute
823 4149 914 4210 iuxta
936 4151 1121 4211 adnotatum
1144 4149 1240 4212 fuerit
1261 4151 1429 4225 ainans»,

168 4252 261 4334 idque
289 4251 317 4314 si
345 4250 479 4312 orationi
501 4250 652 4312 Livianae
674 4251 803 4331 vocique
826 4251 987 4312 comiter
1010 4251 1184 4312 admixtum
1206 4250 1256 4312 vel
1278 4251 1310 4312 in
1332 4250 1429 4314 »comi

169 4353 288 4416 frontes
309 4352 360 4414 vel
383 4351 533 4414 mosomi
557 4351 752 4413 fraternitam
775 4351 897 4412 abierit.
936 4351 1043 4424 Tristi,
1067 4358 1197 4425 maesta,
1220 4353 1306 4414 laeta
1328 4353 1429 4415 fronte

168 4455 272 4516 facere
299 4452 417 4535 aliquid
445 4459 606 4532 poetarum
636 4451 696 4513 fuit
724 4452 869 4533 loquendi
891 4452 982 4525 ratio,
1006 4471 1065 4514 non
1088 4451 1181 4526 Livii,
1203 4453 1254 4534 qui
1278 4473 1313 4515 eo
1335 4471 1430 4516 voca·

168 4556 241 4617 bulo
275 4573 349 4616 usus
382 4560 433 4615 est
464 4554 502 4616 de
536 4552 673 4615 exercitu
702 4560 826 4614 tautum
854 4561 886 4615 et
908 4553 1117 4615 munimentis.
1161 4552 1208 4615 At
1229 4553 1330 4634 ipsum
1353 4553 1429 4616 illud

169 4655 298 4718 comiter
330 4655 432 4716 minus
465 4655 571 4734 placet
602 4653 774 4715 nonnullis:
808 4673 876 4716 esse
899 4654 979 4716 enim
1003 4654 1181 4716 comitatem
1205 4653 1293 4716 aiunt
1316 4674 1431 4729 eorum,

168 4757 221 4839 qui
249 4757 423 4836 superiores
451 4761 525 4818 sunt
554 4761 586 4816 et
613 4754 802 4816 submittant
829 4775 861 4817 se
888 4755 919 4816 in
949 4755 1088 4817 amicitia
1109 4754 1249 4835 inprimis
1272 4775 1346 4838 erga
1368 4775 1431 4831 eos,

170 4877 246 4939 quos
278 4856 414 4937 bospitio
447 4855 615 4937 excipiant.
659 4853 713 4918 Sic
746 4863 852 4919 autem
886 4877 924 4918 ne
957 4856 1074 4918 arctius
1107 4855 1284 4932 definiatur,
1312 4877 1430 4920 vereor.
1457 4885 1463 4896 ·
