3584 5632
479 627 680 702 llpilessomena
701 629 738 684 od
759 628 791 684 T.
816 629 888 686 livii
910 629 1013 686 librum
1035 628 1166 700 primum.
1414 629 1452 686 6¹1

186 805 276 862 esset
306 799 339 862 iu
366 801 454 866 Laid.
478 809 620 884 utroque,
643 799 762 869 Harlei.
786 809 926 882 umoqne,
949 801 1035 876 aliis;
1058 820 1149 883 quem
1172 801 1271 864 secuti
1293 809 1367 866 sunt
1388 801 1456 864 Ru·

187 900 284 980 perti,
315 899 437 976 Stroth,
460 903 610 984 Kreyssig
634 910 709 976 cet.;
732 903 844 966 iterum
867 902 1008 966 restituit
1028 901 1137 966 Alsch.
1162 921 1288 966 mouens
1311 904 1349 966 de
1372 903 1482 984 opti-·

189 1001 252 1064 mis
284 1002 372 1076 cdd.;
405 1003 531 1066 tertium
567 1005 658 1068 eiecit
690 1003 819 1085 Madvig
852 1004 937 1066 brevi
971 1003 1082 1068 addita
1109 1003 1344 1066 interclusione:
1372 1004 1456 1065 »iam

189 1102 287 1164 etium
309 1102 381 1186 ipsa
404 1103 438 1186 (e
460 1105 668 1184 geminatione
692 1102 911 1188 litterarum».
955 1104 1003 1167 At
1023 1105 1054 1166 in
1077 1103 1175 1184 ipsius
1198 1103 1334 1166 editione
1348 1103 1456 1166 multis

191 1202 269 1265 locis
297 1203 449 1268 retinetur
478 1206 543 1267 iem
573 1208 667 1268 amum
696 1204 797 1284 (velut
824 1205 854 1278 5,
878 1198 907 1278 7,
936 1206 1033 1278 l.22,
1058 1205 1107 1280 15,
1133 1205 1145 1265 l
1172 1213 1204 1266 et
1224 1204 1278 1277 45,
1299 1205 1329 1268 4.
1352 1205 1403 1278 34,
1425 1205 1456 1277 2,

194 1305 232 1366 ll
258 1311 290 1366 et
311 1301 363 1378 39,
386 1303 422 1387 5)
445 1305 532 1368 nulla
554 1326 685 1387 usquam
708 1307 746 1368 de
769 1306 976 1386 geminatione
996 1306 1170 1368 litterarum
1190 1306 1276 1368 lacta
1289 1305 1455 1368 mentione.

191 1405 264 1467 Non
287 1406 324 1466 de
347 1406 480 1468 delenda
503 1408 658 1486 partiente
680 1406 919 1488 quaestitionem
943 1406 1048 1487 posuit
1069 1405 1304 1480 Weissenborn,
1326 1408 1380 1468 sed
1399 1425 1456 1486 po-

193 1506 257 1570 tius
285 1515 313 1568 et
341 1525 433 1586 qnam
460 1507 553 1570 etiam
582 1509 731 1587 scriptum
754 1507 806 1570 ille
829 1507 962 1570 voluerit
985 1527 1023 1569 ex
1046 1507 1267 1570 consuetudine
1289 1507 1381 1582 Livii,
1404 1507 1456 1570 ubi

193 1606 335 1689 sequitur
357 1607 434 1691 ipse.
479 1608 552 1670 Vid.
578 1610 605 1680 l,
633 1610 679 1682 12,
702 1609 721 1669 3
744 1615 776 1668 et
798 1609 849 1682 23,
874 1609 922 1670 10.
945 1609 975 1681 4,
998 1607 1049 1682 34,
1070 1609 1101 1669 2.
1123 1605 1175 1681 29,
1197 1608 1249 1682 23,
1271 1608 1301 1670 4.

278 1706 329 1780 48,
351 1707 372 1768 4
403 1711 571 1792 eusonpuis
599 1731 669 1772 eum
692 1731 723 1770 se
744 1709 894 1792 reciperet
916 1710 947 1771 in
971 1727 1072 1772 errore
1095 1707 1234 1770 codicum
1257 1716 1366 1787 aperto
1389 1727 1456 1770 mo-

194 1808 266 1870 dica
295 1827 349 1888 pro
379 1817 517 1890 tempore
548 1819 596 1873 est
625 1811 783 1884 correctio,
806 1829 865 1872 uon
890 1818 995 1872 tamen
1018 1829 1097 1890 quae
1119 1809 1266 1871 sufficiat.
1310 1809 1377 1871 Neo
1399 1809 1456 1872 ad-

194 1910 319 1973 modum
342 1909 478 1972 difficilis
501 1911 657 1973 extricato
680 1919 728 1978 est
750 1910 916 1990 scriptura,
939 1930 1018 1991 qnae
1041 1910 1139 1991 primo
1159 1917 1289 1989 aspectu
1307 1910 1457 1990 perplexa

194 2009 348 2074 videatur.
392 2011 478 2074 Nihil
501 2012 581 2074 enim
605 2019 670 2074 tam
694 2012 821 2092 vulgare
844 2019 893 2074 est
915 2031 1019 2092 quam,
1043 2011 1094 2072 nbi
1117 2011 1224 2074 eadem
1248 2011 1345 2074 verba
1361 2029 1457 2093 parvo

194 2111 359 2175 intervallo
381 2121 554 2185 recurrunt,
577 2133 596 2174 a
618 2111 771 2194 prioribus
794 2112 833 2173 ad
857 2112 1030 2191 posteriora
1052 2111 1196 2174 aberrare
1217 2111 1321 2174 oculos
1339 2111 1457 2174 descri-
1570 2128 1576 2144 “

195 2211 344 2276 beatium.
387 2211 449 2274 Hic
480 2233 553 2276 vero
586 2221 653 2276 tum
682 2215 720 2276 de
748 2213 849 2275 Tullio
879 2221 944 2275 tum
975 2214 1013 2274 de
1035 2212 1140 2274 Tullia
1161 2212 1270 2274 iisdem
1293 2213 1397 2276 vorbis
1419 2213 1458 2274 de

197 2313 304 2376 eadem
327 2331 360 2374 re
383 2322 543 2377 narratum
566 2321 644 2388 erat,
668 2323 703 2376 nt
725 2313 819 2376 moris
842 2322 890 2376 est
912 2313 1035 2376 Liviani
1058 2312 1167 2376 vicinis
1189 2312 1264 2375 locis
1286 2313 1457 2376 locutiones

194 2421 347 2493 repetere,
378 2413 465 2476 onius
492 2415 536 2478 rei
559 2415 703 2495 exempla
725 2413 796 2476 dedi
819 2416 860 2476 ad
882 2413 933 2487 43,
958 2415 993 2476 ll
1019 2413 1221 2477 vocabantur.
1267 2413 1458 2495 dempster

195 2523 262 2578 tum
284 2513 350 2577 lilia
372 2534 412 2576 ex
434 2516 500 2578 loro
524 2516 668 2596 curiaque
691 2517 815 2578 domum
838 2536 872 2578 se
895 2514 1037 2577 contulit.
1070 2513 1249 2577 Habitabat
1271 2514 1323 2576 ille
1345 2515 1377 2576 in
1395 2515 1457 2578 Es·

195 2615 298 2697 quiliis
320 2614 388 2697 (44,
410 2615 447 2697 3)
469 2635 564 2698 supra
586 2616 698 2678 clivum
724 2615 872 2691 Urbium;
895 2616 1082 2697 Tarquinius
1099 2623 1132 2678 et
1148 2616 1215 2696 ipse
1231 2614 1347 2678 ibidem
1362 2635 1459 2696 supra

195 2716 307 2779 olivum
341 2715 477 2780 Pullinm
507 2718 547 2780 ad
576 2717 761 2800 Fagntalem
792 2716 904 2778 lucum.
948 2716 1073 2780 Solinus
1098 2716 1126 2790 l,
1149 2717 1200 2778 25.
1243 2715 1343 2778 Panlo
1365 2716 1458 2780 aliter

194 2818 309 2880 Festus
342 2817 383 2900 (s.
407 2837 436 2878 v.
460 2817 606 2901 Orbius):
641 2817 775 2880 Tulliam
805 2825 837 2880 et
865 2837 934 2881 oum
964 2838 1002 2881 ea
1028 2819 1065 2879 L.
1096 2816 1297 2898 Tarquinium
1326 2837 1398 2899 rege
1425 2818 1458 2880 in

197 2918 283 2982 curia
303 2917 468 2982 interiecto
491 2938 546 2998 per
568 2920 721 2982 flexuosos
744 2919 833 2981 orbes
856 2918 943 2982 Orbii
967 2919 1037 2982 clivi
1060 2918 1275 2998 properavisse
1294 2919 1458 2982 tendentes

194 3019 226 3082 in
259 3019 362 3100 regiae
395 3020 505 3082 domus
538 3021 569 3082 in
602 3019 752 3100 Esquiliis
786 3020 1022 3099 possessionem.
1067 3017 1151 3089 Quid
1180 3019 1302 3082 multa?
1331 3019 1459 3100 exponit

195 3119 315 3193 Livius,
338 3118 411 3202 quid
433 3120 555 3194 Servio,
577 3120 651 3202 quid
674 3121 795 3184 Tulliae
819 3120 978 3204 acciderit,
1001 3140 1069 3182 curn
1093 3139 1126 3182 se
1149 3122 1273 3184 domum
1297 3120 1459 3200 reciperet,

196 3220 228 3282 in
257 3239 319 3302 qua
345 3241 379 3282 re
407 3220 528 3284 codices
558 3220 698 3302 vestigiis
727 3231 911 3284 consecutus
939 3222 984 3284 sic
1012 3220 1175 3302 scripsisse
1202 3240 1271 3282 eum
1300 3230 1396 3302 etque
1419 3222 1458 3283 ad

196 3322 277 3384 hunc
310 3322 433 3384 modum
467 3321 694 3384 restituendam
729 3321 900 3384 orationem
935 3322 1084 3384 arbitror:
1119 3321 1253 3403 §ants
1268 3320 1355 3410 fuya
1376 3322 1460 3404 repis

198 3422 421 3506 apparitorum
451 3431 543 3508 etque
570 3423 735 3495 comitum3
764 3423 831 3507 ipse
850 3445 951 3508 prope
973 3423 1142 3506 eueaupuie
1164 3444 1235 3484 cum
1256 3443 1293 3486 se
1315 3424 1460 3486 emisso

198 3524 284 3608 rapio
314 3524 464 3588 eomitmu
493 3523 640 3587 domum
667 3523 873 3607 reciperet,
895 3524 935 3586 ab
958 3525 1009 3598 iis,
1032 3525 1087 3610 qui
1108 3524 1199 3586 missi
1220 3522 1260 3586 ab
1286 3523 1460 3610 Tarquinio

190 3623 369 3710 sapientem
409 3627 564 3690 consecuti
596 3635 695 3699 aaut,
728 3624 923 3713 interficitur.
967 3626 982 3708 t
1010 3626 1029 3688 5
1059 3623 1208 3690 Creditur
1296 3625 1461 3690 admonitu

202 3723 325 3790 Tulliae
352 3725 389 3788 id
409 3725 547 3812 suctum.
592 3724 748 3810 Carmente
776 3735 855 3790 certe
874 3771 882 3786 .
898 3773 925 3788 ..
944 3728 978 3788 iu
1000 3725 1114 3812 forum
1137 3727 1258 3790 iuoeoto
1277 3728 1461 3790 ..evocavit

197 3828 301 3890 uirum
323 3847 339 3890 ο
361 3827 452 3890 curio
472 3847 634 3912 rupemque
649 3827 762 3913 primu
784 3824 965 3912 appellarit.
1000 3829 1015 3910 i
1037 3826 1057 3890 6
1079 3829 1109 3890 A
1128 3848 1188 3912 quo
1200 3826 1359 3913 facessere
1374 3829 1462 3892 iusso

199 3949 236 3992 eu
257 3937 344 3992 tauto
366 3926 502 3992 tumultu
523 3949 593 3990 cum
615 3949 646 3991 se
667 3928 818 3991 domum
839 3929 1035 4013 reciperet
1052 3929 1358 4014 pmnmiesetqueud
1374 3951 1461 3992 sum-

198 4050 284 4094 mum
314 4027 466 4114 Cyprium
496 4029 608 4102 uicum,
635 4028 691 4092 ubi
717 4027 878 4092 Dianium
900 4050 1001 4115 nuper
1016 4029 1098 4115 fuit,
1112 4027 1255 4116 flectenti
1278 4040 1461 4116 carpentum

198 4130 446 4194 destruis
478 4131 534 4214 qui
566 4131 705 4194 iumento
737 4129 847 4214 repebat
865 4177 893 4191 ..
913 4131 1059 4196 dominae
1088 4128 1234 4195 Servium
1267 4132 1461 4196 trucidatum

198 4231 342 4296 oemndit.
385 4231 452 4294 Iam
480 4251 549 4294 cnm
572 4231 673 4312 priore
696 4232 762 4294 loco
785 4232 912 4294 domm
933 4233 1084 4316 reciperet
1106 4232 1284 4314 scripsisset
1306 4233 1460 4306 librarius,

198 4333 229 4396 in
264 4331 472 4396 continuando
506 4332 546 4393 ad
579 4332 780 4412 posteriorem
815 4335 918 4396 oculos
947 4333 1123 4396 transmisit
1150 4333 1320 4416 inciditque
1342 4335 1374 4398 in
1396 4333 1462 4408 illa,

199 4453 279 4516 quae
311 4433 355 4496 ibi
388 4434 609 4516 sequebantur,
637 4434 888 4518 peruenissetque
917 4442 990 4498 cett.
1035 4434 1098 4498 Ubi
1121 4453 1193 4498 vero
1216 4435 1362 4516 deinceps
1384 4434 1462 4498 scri-

198 4536 300 4599 bendo
323 4534 458 4618 quinque
481 4534 578 4598 verba
600 4534 802 4598 festinantius
824 4535 1001 4616 adsumpsit
1023 4542 1118 4617 atque
1140 4536 1187 4598 ita
1208 4537 1238 4598 in
1263 4535 1398 4602 alienum
1414 4535 1462 4596 lo-

199 4655 267 4698 cum
291 4637 435 4710 retraxit,
457 4636 581 4713 detecto
604 4654 675 4699 mox
699 4654 799 4698 errore
822 4635 905 4712 illuc,
923 4637 1004 4698 unde
1023 4655 1165 4718 egressus
1178 4644 1256 4710 erat,
1274 4635 1367 4698 rediit
1377 4643 1462 4698 recto

198 4737 306 4800 ordine
338 4755 481 4818 pergens,
514 4755 573 4818 quo
607 4737 725 4800 tactum
755 4745 814 4811 est,
842 4744 877 4798 ut
905 4737 1040 4820 quinque
1062 4737 1117 4800 illa
1139 4745 1205 4800 tum
1228 4755 1335 4800 rursus
1357 4756 1463 4814 recur-

199 4845 315 4902 rorent.
