3584 5632
386 629 424 684 52
668 629 868 702 Epilegomsua
889 630 924 686 ud
946 627 1075 690 baini
1098 629 1201 684 librum
1223 631 1354 700 nmmum.

383 801 499 868 tionem
532 801 681 874 habebat,
715 802 769 864 sed
798 801 892 864 basta
920 808 1079 880 praeusta,
1100 801 1120 862 i.
1144 821 1171 862 c.
1195 803 1353 866 adurendo
1376 800 1553 881 cuspidata,
1577 809 1647 864 tum

296 921 299 929 ⁴
384 903 506 966 demum
542 910 633 964 atrox
666 901 781 964 bellurn
815 902 1003 976 minabatur,
1034 903 1060 964 si
1083 903 1132 964 vel
1155 921 1194 964 ex
1216 903 1326 966 arbore
1349 902 1458 966 coloris
1481 901 1648 984 sanguinei

385 1004 471 1066 facta
493 1011 561 1066 crat
582 1002 631 1065 val
655 1003 804 1084 sanguine
826 1004 952 1065 inlecta.

467 1104 519 1179 34,
541 1103 561 1165 6
583 1103 689 1166 Roma
711 1113 754 1165 cst
776 1103 819 1166 ud
841 1104 876 1165 a'd
895 1103 1096 1187 potissimum
1118 1104 1196 1177 aisa,
1219 1103 1301 1184 quod
1324 1111 1373 1166 est
1392 1105 1424 1166 in
1445 1105 1648 1184 0111111-

384 1209 487 1285 risque
515 1204 686 1268 editoribus
713 1204 809 1267 tacite
837 1205 999 1278 retinetur,
1028 1225 1047 1266 a
1068 1205 1219 1284 Rupertio
1241 1205 1288 1266 ita
1311 1205 1495 1284 explicatur,
1516 1215 1553 1269 ut
1575 1204 1648 1266 aiau

384 1305 427 1366 sit
453 1305 554 1368 »lecta
581 1304 802 1390 (ausorsehen)
829 1305 878 1368 vel
907 1305 1024 1386 petita»
1052 1303 1151 1388 (quod
1174 1325 1242 1368 esse
1264 1304 1333 1367 vult
1354 1305 1525 1389 spectata),
1549 1305 1647 1371 otiam

385 1427 404 1469 a
425 1406 679 1470 Weissenbornio
702 1406 732 1466 vi
755 1407 909 1468 eminente
932 1406 1083 1485 ›2placnit:
1107 1407 1195 1487 geliel
1219 1408 1268 1467 fiir
1283 1405 1388 1468 diesen
1403 1407 1523 1481 Zweck,
1538 1407 1647 1470 echion

384 1527 422 1570 zu
452 1507 629 1572 demsalben
659 1507 828 1588 geeignetn.
872 1507 1064 1588 Praegnans,
1095 1527 1173 1587 quae
1196 1507 1319 1579 dicitur,
1341 1506 1388 1568 vis
1411 1507 1497 1570 verbi
1519 1507 1647 1570 videndi

385 1607 570 1688 imaginaria
598 1616 647 1670 est
674 1608 705 1670 in
734 1608 851 1672 talibus
879 1607 981 1680 dictis,
1010 1608 1102 1688 quale
1124 1616 1173 1670 est
1198 1609 1225 1681 1,
1247 1601 1298 1680 47,
1320 1607 1341 1668 8
1364 1617 1399 1670 ut
1420 1609 1483 1670 iam
1507 1609 1647 1690 agendae

385 1709 429 1770 rei
452 1717 576 1788 tempus
598 1709 697 1772 visum
722 1715 786 1784 est3
814 1709 845 1770 in
869 1729 928 1790 quo
952 1708 1034 1770 dicto
1057 1729 1116 1771 non
1139 1709 1239 1772 visum
1263 1716 1322 1782 est,
1345 1709 1398 1770 sed
1422 1717 1547 1790 tempas
1569 1729 1647 1772 auc-

385 1817 450 1872 tam
483 1809 544 1870 vim
568 1809 675 1882 habet,
696 1809 716 1870 i.
741 1830 766 1871 a.
790 1816 914 1890 tempus
937 1817 1154 1889 opportunum.
1199 1809 1276 1872 Sall.
1299 1810 1366 1890 lug.
1389 1807 1441 1883 94,
1466 1811 1480 1870 l
1506 1810 1571 1874 Sed
1593 1809 1648 1876 ubi

386 1930 425 1972 ex
447 1918 614 1990 praecepto
637 1917 761 1990 tempus
783 1910 896 1991 visum,
919 1911 939 1971 i.
963 1931 988 1972 e.
1012 1918 1136 1990 tempus
1157 1911 1301 1973 idoneum
1317 1910 1505 1976 discedendi.
1538 1911 1647 1975 Etiam

386 2011 417 2074 iu
451 2031 509 2074 usu
541 2011 740 2092 impersonali
773 2011 900 2074 verbum
935 2011 1060 2092 aliquod
1088 2011 1294 2092 supplendum
1318 2020 1377 2086 est,
1399 2019 1436 2073 ut
1457 2013 1508 2086 23,
1531 2012 1582 2084 34,
1609 2010 1650 2072 14

387 2112 527 2176 mitteret
560 2131 628 2174 cum
661 2111 800 2191 imperio,
829 2131 918 2192 quern
940 2112 1001 2192 ipsi
1024 2113 1181 2174 videretur
1203 2111 1318 2194 (intell.
1341 2112 1527 2176 mittendum
1552 2110 1649 2194 esse),

387 2211 511 2288 3126,
533 2213 553 2274 3
580 2213 679 2274 Fabio
708 2220 739 2274 at
766 2212 922 2276 Minucio.
936 2259 943 2274 .
957 2212 1098 2276 consules
1120 2213 1256 2294 legiones
1277 2213 1416 2294 singulas
1438 2232 1478 2276 ex
1499 2220 1651 2294 quattuor

388 2315 427 2376 ab
461 2333 494 2376 se
527 2313 662 2394 scriptia,
696 2333 773 2396 qaas
806 2313 972 2388 videretur,
1006 2323 1042 2374 ut
1068 2315 1181 2376 darent
1206 2315 1364 2378 decretum
1388 2322 1438 2376 est
1460 2315 1495 2396 (i.
1520 2335 1546 2376 e.
1570 2333 1649 2394 quas

388 2415 508 2478 dandas
542 2435 609 2476 esse
642 2413 825 2498 videretur).
868 2415 936 2476 Nec
968 2413 1092 2494 aptiora
1125 2415 1268 2494 exempla
1295 2415 1395 2477 allata
1420 2424 1510 2478 suut:
1539 2415 1648 2495 itaque

387 2515 443 2580 illa
463 2515 691 2596 interpretandi
713 2515 794 2577 ratio
816 2515 962 2577 hocloco
984 2515 1179 2577 incommoda
1201 2523 1258 2576 est
1291 2515 1398 2578 Aliam
1421 2516 1504 2580 riam
1525 2517 1648 2597 ingres-

387 2636 441 2681 sus
476 2624 525 2678 est
558 2615 747 2680 Gronovius:
781 2615 922 2678 »Scriba
955 2615 1057 2678 Roma
1090 2622 1139 2677 est
1166 2617 1206 2680 ad
1233 2617 1265 2677 id
1282 2617 1453 2698 potissima
1474 2617 1554 2692 visa,
1575 2618 1596 2678 i.
1620 2637 1646 2679 e.

388 2717 637 2782 commodissima
667 2718 707 2780 ad
736 2737 804 2778 eam
833 2735 920 2796 spem
943 2717 1216 2797 persequendam».
1260 2716 1421 2780 Audacius
1442 2718 1648 2782 Heumannus

389 2819 555 2904 aptissima
576 2818 765 2881 substituere
788 2818 902 2894 voluit;
920 2818 1123 2901 potissimum
1145 2827 1222 2901 apta
1244 2818 1374 2888 coniecit
1396 2819 1558 2882 Boettner.
1595 2819 1647 2882 Ad

389 2919 528 2992 verbum,
551 2918 631 2998 quod
654 2925 703 2982 est
724 2916 845 2991 babere,
868 2919 1035 2999 apponitur
1058 2918 1181 2999 quidem
1204 2937 1223 2979 a
1245 2918 1333 2981 Livio
1356 2919 1569 2999 praedicative
1587 2940 1650 3004 po-

389 3021 529 3084 tissimus
556 3017 603 3104 (8,
625 3019 676 3092 33,
701 3017 749 3082 16.
771 3020 823 3092 22,
846 3012 875 3092 7,
897 3019 944 3102 4),
977 3020 1030 3082 ubi
1060 3027 1165 3084 tamen
1195 3019 1319 3085 minime
1347 3027 1396 3082 est
1417 3021 1648 3085 »commodissi-

389 3141 484 3194 musn,
511 3120 560 3181 vel
583 3119 711 3204 primm
739 3141 775 3182 ac
794 3120 979 3204 potissimas
1002 3121 1048 3203 (5,
1073 3121 1120 3194 12,
1146 3121 1193 3182 12.
1216 3119 1267 3194 26,
1289 3121 1340 3194 40,
1366 3122 1392 3185 l.
1416 3141 1454 3182 c.
1478 3121 1558 3184 Sall.
1580 3122 1646 3203 lug.

388 3220 440 3298 94,
462 3223 507 3304 2).
551 3220 692 3282 Videant
713 3221 745 3294 ii,
769 3221 879 3302 quibus
903 3221 1080 3284 coniectura
1102 3221 1252 3286 Gronovii
1273 3222 1388 3301 placet,
1410 3241 1483 3286 uum
1507 3229 1540 3286 et
1560 3223 1647 3288 dica-

389 3333 440 3388 tor
467 3321 585 3402 pariter
611 3321 713 3384 videri
740 3322 936 3402 potissimum
959 3329 991 3384 et
1013 3324 1119 3386 eodem
1144 3343 1237 3384 sensu
1259 3342 1319 3403 quo
1341 3323 1438 3388 videri
1461 3325 1647 3388 commodis-

388 3423 509 3489 simum.
555 3422 671 3486 Verum
706 3443 744 3486 ae
776 3423 808 3484 id
841 3425 964 3503 quidem
998 3423 1142 3486 sufficiet.
1186 3423 1330 3504 Namque
1356 3442 1412 3504 pro
1441 3432 1525 3488 certo
1547 3425 1647 3491 statui

388 3531 503 3606 potest,
520 3523 558 3584 -si
586 3524 626 3584 ab
656 3523 745 3586 initio
767 3525 916 3603 scriptum
939 3524 1051 3586 fuisset
1072 3524 1174 3588 110111.
1195 3531 1245 3587 est
1266 3525 1307 3586 ad
1328 3524 1360 3588 id
1383 3523 1547 3604 potissima
1570 3525 1646 3598 visa,

390 3645 449 3689 uon
472 3626 610 3689 loturum
634 3624 740 3699 fuisse,
764 3632 796 3687 ut
820 3644 925 3691 omues
948 3625 1000 3705 qui
1022 3624 1243 3698 describerent,
1265 3625 1429 3705 potissima
1450 3625 1520 3688 visa
1540 3625 1573 3688 in
1592 3645 1647 3707 po-

388 3725 543 3790 tissimum
566 3725 640 3786 visa·
657 3733 825 3788 mutarent.
868 3725 1068 3791 Adisativum
1093 3725 1216 3808 aliquod
1240 3725 1391 3790 excidisse
1413 3725 1581 3793 vertamus
1600 3727 1646 3790 vi·

388 3846 455 3888 sum
490 3833 539 3888 est
570 3825 830 3907 Freudanbergio,
863 3826 1127 3900 WeissenboruiO,
1159 3826 1239 3900 aliis,
1262 3835 1294 3888 et
1316 3826 1439 3908 quidem
1462 3828 1503 3904 id,
1526 3828 1565 3892 de
1589 3847 1647 3909 quo
1768 3839 1769 3850 ¹

389 3927 558 4008 cogitasset
584 3927 748 4001 Buettner,
771 3947 830 3988 nou
854 3935 960 3989 tamen
983 3927 1089 3990 eodem
1113 3927 1179 3990 loco
1201 3927 1222 3988 ii
1246 3947 1359 4008 ponere
1381 3929 1555 3992 voluerunt.
1600 3929 1647 3992 Ac

388 4047 464 4097 sans
493 4035 524 4091 et
553 4027 638 4090 locus
666 4027 693 4090 is
721 4028 825 4100 luerit,
854 4047 978 4098 necesse
1007 4035 1066 4101 est,
1089 4035 1121 4090 et
1143 4029 1243 4090 forma
1265 4028 1338 4093 talis
1361 4029 1509 4095 adiectivi
1530 4028 1646 4102 omissi,

389 4137 424 4190 ut
458 4147 553 4192 causa
585 4127 758 4191 omissionis
791 4127 993 4210 intelligatur.
1038 4128 1195 4192 Ponamus
1226 4129 1321 4210 igitur
1343 4149 1362 4190 a
1384 4129 1476 4196 Livio
1496 4129 1645 4211 scriptum

387 4228 493 4295 Roma
525 4238 569 4292 est
602 4229 645 4292 ud
672 4229 708 4290 id
737 4239 915 4313 opportuna
937 4230 1140 4314 potissimam
1162 4229 1248 4304 oisa3
1276 4229 1350 4300 bina
1371 4237 1438 4296 tum
1463 4237 1553 4294 erant
1574 4251 1644 4314 o,p

388 4331 554 4395 accedente
577 4338 599 4402 t,
622 4329 774 4412 aquibus
798 4329 911 4392 litteris
935 4331 1025 4394 facile
1048 4330 1207 4395 aberravit
1228 4331 1335 4394 oculus
1358 4331 1397 4392 ad
1419 4331 1542 4397 initium
1561 4331 1646 4396 verbi

387 4431 546 4512 sequentis
565 4439 632 4514 pot,
654 4429 746 4512 idque
769 4432 887 4494 lactum
912 4439 969 4506 est,
992 4433 1073 4514 quod
1095 4432 1128 4494 iu
1150 4431 1244 4496 simili
1265 4451 1298 4496 rc
1316 4431 1382 4501 ficti
1399 4433 1489 4508 solet,
1508 4440 1646 4514 utprue-

387 4532 636 4602 termitterentur
658 4531 798 4612 syllabae
821 4532 1049 4597 interiacentes.

470 4634 521 4707 34,
547 4633 584 4694 12
608 4629 685 4696 bello
708 4633 816 4696 eadem
840 4633 870 4694 vi
893 4640 987 4714 atque
1010 4635 1041 4696 in
1064 4633 1144 4696 bello
1167 4633 1216 4695 vel
1239 4633 1313 4700 belli
1336 4641 1474 4714 tempore
1498 4643 1531 4696 st
1548 4635 1646 4698 solum

387 4742 419 4794 ct
442 4753 509 4796 curn
534 4732 604 4796 aliis
626 4733 802 4802 nominibus
825 4733 1021 4798 coniunctum
1045 4735 1075 4796 in
1099 4754 1157 4796 usu
1179 4741 1332 4796 versatur.
1371 4735 1562 4816 Frequentior
1576 4743 1648 4800 sant

387 4836 469 4914 apud
492 4833 614 4897 Livium
640 4853 675 4897 eo
699 4833 790 4907 bello,
814 4833 926 4916 Pyrrhi
949 4835 1039 4908 bello,
1063 4835 1144 4898 bello
1165 4834 1291 4909 Latino,
1314 4834 1437 4900 similia.
1480 4835 1544 4902 uic.
1567 4836 1648 4902 Phil.
