3574 5632
363 656 563 728 Epilegomena
585 657 620 712 ad
643 657 675 714 T.
700 657 770 714 Livii
794 657 896 714 librum
919 657 1080 713 vicesimum
1102 659 1233 729 primunr.
1390 659 1429 714 25

169 827 296 909 pionem
331 829 622 912 Carthaginienses»
656 838 715 894 oet.
770 831 835 893 Iam
860 849 932 893 vero
954 832 1018 894 dux
1041 829 1164 913 quidem
1189 831 1430 912 Carthaginien-

171 929 254 992 sium
289 929 465 1011 Scipionem
500 939 713 1012 praestantem
748 931 845 994 virum
880 933 1037 1007 credebat,
1059 931 1248 994 Hannibalis
1271 939 1375 994 autem
1400 939 1432 993 et

172 1030 258 1111 apud
281 1049 387 1094 omnes
409 1032 567 1095 Romarm
590 1032 819 1096 celeberrimum
845 1051 953 1095 nomen
978 1040 1055 1096 erat.

258 1131 310 1206 40,
333 1128 352 1194 7
369 1131 480 1216 plures
502 1133 561 1195 Pb.
583 1133 753 1198 Rubenius.
772 1131 884 1218 plures
900 1155 1003 1218 poene
1025 1135 1085 1198 ΟΜ
1104 1134 1174 1196 edd.
1197 1134 1346 1197 «Duabus
1358 1151 1432 1212 par·

173 1230 260 1294 tibus
283 1232 421 1313 peditum
445 1233 645 1317 equitumque
666 1235 698 1297 in
720 1235 855 1297 transitu
879 1236 1005 1315 Alpium
1030 1234 1170 1297 amissis»
1193 1255 1251 1297 non
1275 1243 1359 1296 recte
1384 1234 1433 1295 di·

175 1340 288 1396 cuntur
321 1335 425 1414 plnres
458 1355 579 1416 paene
610 1336 748 1417 periisse,
782 1353 873 1418 quam
898 1337 1123 1417 superfuerint3
1148 1336 1346 1416 quamobrem
1369 1334 1430 1396 iam

174 1441 298 1496 veteres
320 1435 437 1497 iudices
460 1435 558 1498 critici
581 1437 761 1499 adverbium
784 1437 861 1499 illud
884 1437 1028 1518 ablegare
1052 1445 1108 1499 aut
1126 1435 1432 1508 mutarevoluerunt‚

175 1534 228 1596 alii
263 1542 363 1598 totum
397 1537 474 1599 illud
507 1537 724 1620 interpositum
758 1538 835 1622 quio
867 1539 937 1623 (qui
959 1540 1027 1602 edd.
1050 1539 1120 1602 edd.
1143 1539 1240 1621 vett.)
1257 1535 1369 1621 plures
1391 1571 1432 1582 -

174 1636 334 1719 supersint
371 1645 548 1718 suspectum
582 1639 709 1700 habent.
764 1639 799 1701 ln
824 1640 934 1720 quibus
956 1639 1143 1713 Gronovius,
1166 1638 1353 1701 «Habuerim
1377 1655 1432 1717 pro

175 1755 306 1815 panno»,
338 1737 448 1820 inquit,
478 1739 566 1801 «huie
589 1759 743 1820 purpurae
766 1742 805 1802 ad
830 1741 997 1820 marginem
1022 1742 1134 1802 edsuto
1157 1739 1299 1818 primum,
1323 1749 1355 1800 et
1377 1740 1432 1800 de-

174 1837 247 1898 inde
281 1838 430 1900 collocato
462 1840 493 1901 in
527 1847 659 1902 textum.
714 1841 871 1920 Scriptum
908 1848 976 1903 erat
1009 1843 1049 1904 ad
1083 1859 1183 1904 oram:
1215 1838 1305 1911 Quod
1330 1840 1433 1920 plures

176 1938 272 2000 Poeni
296 1939 443 2019 perierint
465 1959 557 2021 qnam
581 1941 764 2020 supersint».

260 2040 311 2114 40,
347 2043 385 2102 10
420 2040 554 2103 bostium
581 2043 615 2103 Μ
637 2041 735 2126 (teste
758 2042 955 2123 Walbergio)
982 2045 1007 2104 l.
1031 2045 1060 2104 3.
1083 2045 1166 2124 Mog.
1192 2044 1263 2105 Ald.
1287 2063 1353 2123 sqq.
1377 2040 1432 2104 luo-

175 2139 234 2201 stia
266 2140 300 2203 Ο.
333 2177 375 2187 -
410 2143 455 2204 lb.
489 2163 551 2204 oon
586 2142 701 2206 bostem
733 2141 852 2206 iubetis
885 2145 945 2207 ΟΜ
968 2145 1067 2227 (narn,
1090 2147 1171 2225 quod
1194 2147 1290 2206 relert
1313 2143 1433 2215 Alsuh.‚

176 2238 329 2304 babebitis
362 2243 387 2306 Ο
420 2243 532 2305 ialsurn
567 2263 635 2305 esse
670 2249 838 2328 assevero).
863 2267 925 2307 nove
948 2244 1047 2307 bootes
1070 2243 1222 2307 debebitis
1248 2247 1274 2306 l.
1297 2246 1325 2306 3.
1350 2245 1432 2323 Mog.

176 2341 250 2403 Ald.
274 2343 348 2405 Sob.
371 2344 463 2405 Frob.
486 2344 579 2408 Grut.
603 2345 698 2408 Grou.
721 2345 818 2406 Drals.
842 2367 904 2408 non
925 2344 1040 2409 bostem
1062 2345 1213 2410 babebitis
1236 2345 1316 2418 Ala..
1339 2344 1429 2407 st.

177 2443 225 2504 ed.
265 2443 291 2503 l.
324 2444 399 2525 blvg
432 2446 480 2506 ed.
517 2447 543 2507 l.
573 2444 642 2529 (qui
670 2445 814 2508 iudicium
839 2465 939 2510 meum
964 2448 1100 2510 al'l'erens
1122 2449 1149 2510 P
1172 2447 1309 2526 scripsit,
1332 2445 1434 2508 ubiG

177 2543 325 2624 scriptum
349 2546 512 2625 oportuit).

262 2644 308 2708 lb.
340 2665 447 2709 cerem
478 2667 573 2731 quom
605 2669 652 2723 ue,
674 2669 727 2710 nos
750 2669 819 2710 cum
837 2649 1057 2732 pugnaveritis
1082 2649 1179 2710 Drak.
1203 2669 1241 2710 ex
1265 2648 1333 2711 odd.
1355 2647 1432 2708 Lov.

178 2746 207 2806 3.
232 2752 263 2807 et
292 2745 422 2809 Gaertn.
445 2768 554 2811 nerem
575 2771 630 2811 uec
652 2755 769 2833 umque
789 2769 846 2812 uos
868 2771 938 2811 cum
955 2771 1055 2834 pugo.
1080 2750 1149 2812 ΟΜ.
1173 2770 1282 2812 uereor
1303 2769 1340 2809 ue
1362 2769 1432 2809 cum

177 2867 272 2930 quom
305 2868 342 2909 ue
373 2866 427 2911 ona
460 2871 530 2912 cum
560 2871 661 2934 popo.
691 2852 756 2912 eod.
780 2851 872 2912 Cant.
896 2852 945 2912 Ex
968 2851 1027 2912 hac
1049 2850 1243 2930 potissimum
1268 2850 1432 2928 scriptura,

179 2955 215 3008 ut
247 2956 330 3010 recte
363 2949 482 3012 indicat
515 2952 714 3032 Heerwagen,
743 2951 822 3013 setis
845 2951 1020 3032 explicatur
1043 2970 1126 3014 error
1147 2951 1178 3013 in
1203 2951 1314 3014 ceteris
1337 2958 1433 3012 ortus.

177 3049 258 3110 Nam
292 3049 421 3128 primurn
456 3071 565 3114 uereor
592 3073 630 3114 ne
652 3073 722 3113 corn
745 3053 987 3132 transpositione
1011 3052 1259 3115 coniunctionum
1283 3052 1432 3132 scriptum

179 3157 237 3223 est,
270 3149 381 3212 deiude
408 3151 606 3214 nibilominus
630 3162 760 3234 utraque
783 3173 838 3216 suo
863 3154 927 3216 loco
950 3154 1143 3228 recurrebat;
1166 3153 1317 3216 delendae
1339 3152 1435 3232 igitur

179 3250 244 3312 loeo
278 3249 388 3314 alieno.
443 3251 534 3343 Quod
568 3274 635 3316 sero
672 3262 704 3316 et
726 3263 798 3334 post
820 3254 922 3316 varios
945 3274 1062 3317 errores
1085 3255 1277 3317 intellectum
1301 3263 1358 3316 est.
1382 3275 1434 3316 ce-

178 3370 258 3427 reor,
292 3371 328 3414 ne
355 3362 521 3438 autequam
542 3375 598 3418 cos
619 3377 688 3418 cum
710 3353 794 3418 boote
810 3377 901 3440 puqn
940 3359 965 3417 l.
988 3357 1016 3418 3.
1040 3356 1122 3436 Meg.
1146 3354 1219 3416 Ald.
1243 3355 1317 3418 Sob.
1341 3356 1432 3416 Frob.

178 3471 293 3526 nacor,
316 3473 410 3537 quem
432 3475 470 3517 ue
492 3465 658 3540 antequam
679 3476 733 3518 ooo
755 3479 825 3518 cum
847 3456 931 3520 lunate
946 3478 1046 3540 popu.
1070 3457 1167 3518 codex
1190 3455 1319 3537 Sigooii‚
1342 3455 1433 3518 Grnt.

179 3553 275 3616 Gron.
310 3555 398 3616 Orev.
433 3556 523 3619 Giov.
558 3557 707 3638 Madvigii
742 3558 919 3621 coniectura
947 3558 1023 3619 haec
1046 3565 1111 3618 est:
1134 3557 1280 3640 (Emend.
1305 3577 1334 3637 p.
1357 3550 1435 3640 271)

179 3653 247 3716 «Ex
279 3675 493 3741 necemquom,
522 3659 723 3739 transposito,
747 3666 783 3721 ut
805 3678 910 3722 omnes
933 3658 1062 3732 iaciunt,
1085 3679 1189 3742 quam,
1212 3658 1248 3719 fit
1270 3679 1364 3741 quom
1386 3679 1434 3732 ne,

179 3777 257 3817 cum.
312 3756 380 3820 Hoc
413 3767 556 3839 corrupto
589 3759 823 3840 superadditum
849 3766 897 3822 est
919 3759 1049 3822 alterurn
1074 3781 1170 3821 cum».
1214 3759 1325 3840 ltaque
1347 3759 1432 3821 illins

179 3856 332 3937 opinione,
366 3867 401 3920 ut
433 3881 487 3922 uec
510 3868 581 3939 post
602 3882 640 3924 ue
662 3861 766 3941 edlingi
788 3868 905 3941 posset,
928 3881 1006 3922 cum
1029 3859 1078 3922 his
1099 3860 1175 3941 ipsis
1198 3860 1297 3922 tribus
1321 3858 1434 3922 litteris

179 3957 327 4037 scriptum
365 3959 426 4022 luit
458 3962 533 4040 (non
568 3983 690 4044 quum,
723 3969 759 4024 ut
780 3961 930 4041 Madvigii
955 3963 1016 4023 lert
1038 3961 1191 4023 scribendi
1215 3961 1432 4044 consuetudo).

178 4059 228 4120 Ea
260 4077 331 4122 vero
364 4063 606 4142 transpositione
628 4061 707 4150 (oue,
730 4083 822 4145 quum
847 4083 901 4126 vos
925 4062 1146 4142 pugnaveritis,
1168 4061 1269 4142 Alpes
1290 4061 1435 4145 vicisse»)

179 4159 279 4221 minus
313 4160 459 4225 distinete
492 4163 627 4226 intense
649 4173 847 4246 opponuntur
870 4165 921 4245 qui
945 4165 1131 4244 pugnavisse
1154 4163 1299 4226 dicuntur
1321 4163 1433 4244 quique

180 4259 290 4322 vicisse
323 4263 497 4326 videantur.
546 4266 621 4340 Neo,
644 4265 670 4327 si
692 4266 723 4328 id
747 4266 940 4347 probaretur,
963 4265 1028 4326 ulla
1050 4283 1146 4327 causa
1168 4265 1288 4337 luisset,
1311 4283 1365 4326 cur
1387 4265 1433 4326 al·

180 4368 279 4424 terum
303 4383 373 4424 cum
396 4366 570 4428 adderetur.

261 4463 314 4538 41,
344 4465 365 4526 4
397 4485 555 4549 repressus
585 4467 629 4529 od
660 4489 753 4530 nones
786 4467 930 4548 Sigonius
959 4468 1174 4530 euveteribus
1198 4466 1311 4541 libris),
1335 4467 1431 4529 Gron.

181 4563 261 4625 Oler.
295 4564 384 4629 Grev.
414 4567 509 4628 Drak.
535 4569 619 4650 Mvg‚
642 4570 716 4632 Wll.
740 4590 836 4653 neque
858 4589 1015 4651 repressus
1038 4569 1080 4630 od
1102 4589 1195 4631 nunes
1216 4577 1284 4630 erat
1302 4568 1362 4630 ΟΜ
1385 4567 1431 4650 (in

179 4663 291 4745 quibus
324 4667 432 4747 nouis)
461 4677 493 4729 et
527 4670 620 4731 ceteri
655 4669 792 4752 plerique
826 4671 905 4743 cdd,
943 4669 968 4730 l.
1003 4670 1031 4731 3.
1065 4671 1147 4750 Mog.
1171 4667 1244 4731 Ald.
1267 4668 1333 4732 Inu.
1358 4668 1431 4733 Sub.

179 4765 271 4826 Frob.
294 4767 390 4828 Vaso.
414 4770 483 4830 edd.
507 4771 651 4836 Francol.
676 4769 768 4834 Grut.
791 4774 945 4853 (egressus
968 4770 1087 4853 Grut.).
1131 4769 1354 4832 Weissenborn
1381 4789 1433 4830 oo-

180 4865 280 4928 dicum
315 4869 500 4949 scripturam
537 4871 670 4935 fideliter
698 4873 826 4954 exponit
847 4879 1007 4934 reservata
1030 4873 1151 4943 launna,
1175 4891 1212 4933 ac
1234 4870 1433 4934 manifestum
