3584 5632
370 588 406 642 12
653 588 854 661 Epilegomena
876 587 912 643 ad
934 588 966 642 Τ.
990 587 1061 642 Livii
1085 587 1187 642 librum
1210 588 1339 658 primurn.

368 781 459 824 mnne
492 761 569 824 illud
604 759 743 822 codicum
776 777 924 840 »magnas
954 778 1028 839 opes
1051 758 1111 821 sibi
1134 779 1340 842 magnumque
1362 777 1473 822 nomeu
1496 759 1627 832 facere»,

368 864 408 926 ad
441 863 521 944 quod
555 860 665 926 Alsob.
698 879 845 942 »magnas
874 859 932 920 sibi
961 879 1036 940 opes
1059 879 1266 942 magnumque
1288 879 1399 922 nomen
1422 861 1540 938 facere:
1564 859 1627 933 M»,

368 983 424 1026 nec
457 963 615 1026 dubitavit
648 962 692 1024 sio
725 961 821 1022 verba
850 960 1001 1022 ordinare.
1046 960 1094 1022 Aa
1120 961 1290 1040 scripserat
1311 961 1455 1024 librarius
1478 979 1627 1040 »magnas

368 1084 442 1146 opes
470 1083 677 1146 magnumque
706 1081 815 1124 nomen
844 1061 973 1123 facere».
1017 1062 1096 1124 Post
1122 1083 1253 1144 mappas
1275 1081 1368 1142 super
1390 1082 1462 1146 opes
1484 1061 1626 1124 additum

368 1173 417 1228 est
443 1165 522 1238 sibi,-
549 1184 608 1246 qno
631 1165 721 1226 modo
743 1163 883 1225 babeant
904 1163 1101 1237 recentiores,
1124 1163 1287 1226 nescimus.
1331 1163 1448 1245 Utique
1472 1163 1511 1224 ad
1534 1161 1626 1224 iidem

367 1266 422 1328 Ma
455 1266 682 1346 infringendam
717 1271 896 1344 ceterosque
925 1263 1185 1326 commendandos
1214 1264 1299 1326 valet
1328 1262 1551 1338 Quintilianus,
1574 1261 1627 1344 qui

367 1365 397 1441 9,
419 1370 449 1440 2,
471 1363 512 1428 37
540 1365 618 1428 baec
649 1365 720 1444 ipsa
753 1366 848 1426 verba
880 1365 926 1426 ita
958 1365 1068 1426 refert:
1104 1384 1233 1446 magnas
1264 1384 1338 1445 opes
1360 1365 1419 1426 sibi
1443 1371 1516 1426 cett
1560 1363 1628 1426 Nec

368 1475 493 1549 praeter
516 1467 707 1548 Madvigium
731 1465 893 1546 quisquam
917 1465 967 1526 bic
989 1464 1222 1528 Alschefskium
1241 1473 1366 1528 secutus
1384 1472 1442 1528 est.
1476 1464 1628 1528 Similiter

368 1569 432 1630 ibrn
455 1569 470 1650 l
495 1569 544 1642 12,
567 1568 618 1629 ubi
642 1585 763 1647 semper
785 1567 934 1646 scripturn
959 1567 1062 1628 fuerat
1084 1566 1204 1629 »Unam
1228 1565 1317 1646 longe
1341 1573 1414 1628 ante
1431 1566 1509 1628 alias
1525 1564 1627 1646 specie

369 1691 406 1732 ao
435 1668 663 1751 pulchritudine
696 1667 876 1748 insignem»,
910 1666 1032 1729 notavit
1064 1666 1172 1732 Alsch.
1200 1687 1310 1730 annam
1341 1668 1429 1748 longe
1453 1674 1526 1728 ante
1549 1665 1628 1726 alias

368 1770 519 1852 insignem
549 1769 651 1850 specie
682 1789 718 1830 ac
741 1767 986 1849 pulchritudine:
1010 1769 1069 1830 M».
1113 1768 1232 1830 Verum
1256 1788 1315 1830 non
1339 1769 1378 1830 ab
1401 1768 1469 1849 ipso
1492 1765 1628 1840 librario,

369 1873 424 1934 red
454 1872 493 1932 ab
523 1871 583 1932 alio
607 1870 710 1951 aliquo
733 1869 764 1930 in
788 1867 936 1948 margine,
960 1869 1047 1930 utin
1070 1868 1210 1930 versibus
1233 1869 1447 1950 permutandis
1470 1867 1627 1940 omissum,

369 1973 510 2035 additum
534 1979 582 2034 est
604 1971 726 2053 insigne
747 1967 848 2053 (aial).
884 1969 1039 2043 Ceterum,
1062 1978 1133 2048 pest
1145 1967 1384 2053 pulchritudine
1401 1987 1627 2050 superversnm

369 2073 518 2154 scriptum
543 2071 638 2136 luisse
661 2071 815 2154 insignem
838 2077 869 2131 et
891 2070 1028 2132 radendo
1050 2070 1186 2133 deletum
1203 2073 1335 2134 adnotat
1346 2071 1510 2144 Riemann,
1529 2070 1629 2132 idem-

369 2195 429 2256 que
456 2175 553 2236 refert
580 2173 734 2255 ioac'pnem
760 2178 833 2252 post
860 2169 942 2232 olias
971 2190 1038 2233 esse
1062 2171 1156 2232 etiam
1179 2171 1210 2233 in
1233 2173 1260 2234 B
1282 2171 1390 2253 Magl,
1413 2171 1493 2253 quod
1515 2169 1628 2232 indicio

369 2282 419 2338 est
452 2293 520 2337 eum
554 2273 691 2338 ordinem
720 2272 1012 2352 perincommodum,
1041 2271 1091 2353 qui
1115 2270 1314 2336 Alschefskio
1337 2273 1394 2336 soli
1417 2279 1450 2334 et
1470 2269 1629 2351 Madvigio

371 2375 499 2456 placuit,
520 2375 613 2436 buius
636 2373 773 2436 familiae
796 2373 953 2453 proprium
976 2372 1081 2434 fuisse.
1126 2373 1178 2435 Ad
1201 2393 1248 2448 ea,
1271 2391 1350 2455 quae
1374 2375 1423 2448 13,
1440 2373 1461 2434 2
1478 2392 1546 2434 cnm
1560 2371 1628 2434 odd.

371 2477 612 2550 concordabant,
641 2495 697 2536 une
725 2495 758 2536 se
785 2473 936 2554 sanguine
964 2475 1126 2548 nefando»,
1149 2493 1205 2536 sno
1228 2494 1311 2537 more
1334 2473 1499 2537 adnotavit
1520 2471 1630 2536 Alscb.

371 2597 427 2641 »ne
460 2577 610 2658 sanguine
643 2596 676 2639 ss
710 2575 860 2638 nefando:
890 2575 952 2636 Mu.
995 2574 1044 2635 Ibi
1067 2574 1191 2656 quidem
1215 2596 1247 2638 se
1268 2583 1340 2638 ante
1363 2575 1515 2659 scapulae
1536 2572 1630 2656 plane

371 2679 494 2742 deesse¹
513 2677 718 2774 qertissimum
754 2683 811 2750 est,
845 2682 917 2756 post
939 2681 1044 2738 autern
1067 2675 1098 2737 in
1122 2675 1207 2738 exitu
1230 2697 1338 2742 versus
1360 2675 1505 2758 longioris
1525 2675 1558 2737 id
1580 2673 1631 2754 ip-

371 2798 450 2854 sum,
485 2779 537 2842 ubi
569 2798 679 2842 rasura
708 2785 766 2852 est,
794 2776 899 2850 fuisse,
922 2775 948 2838 si
972 2776 1018 2837 ed.
1042 2777 1071 2837 2.
1096 2777 1272 2854 contuleris,
1295 2778 1442 2841 credibile
1464 2775 1630 2839 videbitur.

373 2880 581 2961 Opponuntur
613 2898 685 2941 vero
714 2899 745 2940 se
773 2885 805 2940 et
833 2877 933 2938 sceeri
951 2877 1127 2961 generique,
1151 2897 1246 2958 qnare
1267 2899 1299 2942 ao
1321 2899 1380 2941 non
1404 2886 1453 2941 ost
1474 2877 1505 2940 in
1528 2895 1630 2940 reces-

373 3001 440 3044 sum
474 2981 561 3044 illum
593 2980 676 3042 inter
708 2977 860 3061 sanquine
892 2985 924 3039 et
952 2976 1090 3063 nefando
1112 2977 1320 3054 inserendum,
1348 3000 1408 3062 quo
1431 2979 1515 3041 vocis
1538 2995 1631 3040 sonus

372 3081 485 3146 nimius
518 3082 549 3144 in
583 3080 734 3163 sangnine
764 3080 841 3142 illud
863 3078 982 3141 recidit.
1027 3079 1249 3143 Weissenborn
1272 3081 1517 3153 Alschefskium,
1541 3097 1630 3161 quem

372 3182 512 3264 sequitur
533 3181 672 3262 Madvig,
695 3188 815 3242 mature
839 3178 984 3242 desernit.

457 3282 559 3355 Quam
589 3302 687 3364 parva
709 3282 751 3345 sit
771 3282 803 3344 in
826 3280 874 3343 bis
897 3280 1047 3360 exemplis
1070 3283 1241 3345 auctoritas
1263 3283 1396 3346 Medicei
1419 3280 1560 3362 solivagi,
1583 3281 1631 3343 la-

373 3384 430 3448 cile
464 3392 607 3466 apparet,
640 3403 696 3446 neo
729 3383 826 3446 maior
859 3401 934 3444 sane
962 3388 1011 3443 est
1037 3381 1069 3444 in
1098 3384 1309 3464 sequentibus.
1354 3383 1442 3459 Sil,
1464 3384 1484 3446 3
1507 3401 1576 3446 cum
1599 3382 1633 3445 M

374 3505 532 3568 »pagoque
566 3485 699 3548 Troiano
730 3484 802 3546 inde
825 3503 935 3546 nomen
959 3487 1023 3544 est»
1046 3483 1168 3563 legitur,
1191 3504 1253 3548 vox
1274 3485 1408 3548 Troiano
1431 3484 1558 3547 nimium
1581 3501 1632 3546 re-

375 3587 472 3662 cedit3
494 3587 520 3648 si
543 3605 616 3648 vero
640 3587 668 3660 l,
693 3586 731 3648 10
753 3585 820 3647 »Ea
844 3583 949 3665 ntique
972 3602 1037 3646 res»
1059 3585 1219 3665 probatur,
1242 3605 1291 3648 res
1313 3585 1383 3666 plus
1405 3586 1488 3650 iusto
1506 3584 1632 3648 extolli-

374 3695 435 3749 tnr.
479 3687 640 3750 Eiusmodi
664 3687 757 3750 etiam
780 3685 975 3749 incommoda
998 3685 1144 3748 adserunt
1165 3687 1258 3749 baec:
1281 3685 1540 3761 alimentorum
1557 3705 1633 3766 ope-

374 3807 452 3864 rnm,
475 3790 505 3864 3,
527 3789 548 3850 4
570 3789 735 3851 deductam
759 3786 920 3858 coloniam,
942 3785 972 3860 5,
994 3786 1016 3847 4
1038 3787 1078 3848 ad
1100 3788 1285 3869 supplicium
1308 3787 1476 3863 Numitori,
1498 3787 1528 3862 5,
1550 3780 1570 3848 7
1593 3787 1632 3850 ad

274 3913 279 3932 ·
376 3896 515 3969 apertam
551 3889 611 3952 vim
646 3909 703 3969 par
733 3881 830 3970 (qu‘od
860 3887 983 3968 quidem
1012 3887 1168 3950 dissonum
1199 3888 1273 3974 est),
1296 3883 1325 3964 7,
1348 3883 1368 3951 7
1391 3891 1429 3952 ad
1453 3888 1631 3970 speluncam

375 3990 552 4053 vadentem.
596 3991 806 4054 Praecurrunt
838 3987 1019 4069 plerumque
1053 3989 1208 4051 adiectiva
1242 3998 1273 4052 et
1305 3991 1378 4065 alia,
1412 4010 1491 4072 qnae
1524 3987 1633 4051 melius

375 4098 447 4170 post
480 4090 583 4171 posita
616 4091 682 4153 sine
715 4097 845 4154 accentu
877 4089 1032 4151 efferenda
1059 4098 1157 4169 eraut.
1201 4092 1270 4154 Has
1292 4091 1427 4173 quinque
1449 4089 1633 4171 scriptiones

375 4191 406 4255 in
440 4189 594 4272 prioribus
627 4192 814 4255 editionibus
848 4197 1027 4270 assumptas
1062 4191 1284 4255 Weissenborn
1312 4193 1438 4255 tandem
1465 4191 1634 4270 respuebat

378 4311 440 4354 una
462 4300 594 4374 excepta
616 4291 662 4380 (3,
685 4294 706 4356 4
728 4295 796 4355 ded.
821 4289 905 4374 col),
928 4310 1020 4371 quam
1043 4290 1142 4370 ipsam
1166 4292 1294 4373 Madvig
1315 4293 1346 4354 iu
1371 4291 1470 4373 priore
1489 4291 1537 4354 ed.
1556 4310 1633 4354 non-

376 4394 460 4468 dum,
494 4401 530 4456 ut
562 4401 682 4456 ceteras
711 4401 868 4475 quattuor,
891 4399 1063 4472 acceperat.
1107 4392 1254 4456 Reieotas
1276 4393 1407 4475 denique
1431 4412 1450 4455 a
1471 4392 1634 4456 Weissen-

376 4494 482 4558 bornio
507 4501 539 4558 et
561 4494 618 4558 bas
641 4502 672 4558 et
695 4494 773 4557 alias
796 4493 920 4556 eusdem
945 4491 1065 4573 generis
1088 4494 1198 4568 denuo,
1220 4494 1251 4556 id
1275 4495 1354 4576 quod
1379 4493 1552 4557 mirandum
1576 4499 1634 4565 est,

377 4595 407 4658 in
431 4596 478 4658 ed.
502 4588 531 4658 7.
553 4595 671 4676 recepit
693 4597 733 4658 Η.
756 4596 781 4656 1.
803 4593 944 4656 Mueller.

461 4695 598 4759 Restant
636 4693 904 4758 commemoranda
938 4712 992 4756 sex
1026 4696 1169 4777 exempla
1201 4696 1279 4760 varii
1313 4695 1429 4760 ordinis
1461 4697 1635 4768 verborum,

300 4879 311 4902 ο
378 4795 490 4880 quibus
512 4796 587 4860 locis
608 4797 642 4862 M
665 4793 769 4862 differt
791 4815 810 4858 a
831 4794 991 4858 Vaticana
1013 4797 1142 4874 familia,
1169 4797 1309 4880 congruit
1331 4817 1399 4862 curn
1423 4794 1635 4878 transalpinis.
