3584 5632
327 633 343 685 8
610 631 810 702 Epilcgomena
831 631 867 684 ad
890 627 1142 685 ’1.15511115555
1165 632 1296 699 primum.

410 801 561 874 Quamvis
583 822 726 884 magnam
751 808 872 882 partem
895 800 971 864 nihil
994 801 1079 864 aliud
1102 801 1167 864 sint
1189 821 1298 865 manua
1319 804 1392 866 illae
1415 803 1580 877 secundae,

326 923 404 985 5555
437 903 554 979 515551,
587 902 646 966 5151
680 902 758 964 55115
792 903 886 964 libere
914 903 1018 964 lectae
1047 902 1241 966 coniecturae
1264 903 1412 987 antiquae
1433 903 1464 965 in
1487 904 1581 967 rebus

326 1003 502 1079 levioribus,
525 1012 557 1068 51
578 1003 638 1086 ipsi
662 1003 781 1066 codices
803 1003 989 1065 recentiores
1013 1003 1164 1084 mixtique
1187 1004 1286 1067 multa
1303 1013 1411 1085 aperte
1429 1003 1580 1068 1515555-

324 1105 431 1179 55551,
453 1112 559 1168 tamen
582 1104 767 1186 ubicumque
789 1103 975 1166 manifestae
993 1103 1163 1166 obveniunt
1181 1106 1419 1185 depravationes
1430 1106 1579 1168 bonorum

326 1205 475 1281 codicum,
497 1225 556 1268 nou
579 1206 688 1268 inutile
711 1205 780 1279 erit,
803 1212 969 1286 antequam
994 1205 1032 1266 ad
1056 1223 1153 1267 novas
1169 1205 1361 1269 coniecturas
1373 1207 1580 1287 confugiatur,

324 1306 453 1368 istorum
482 1305 688 1369 subsidiorum
718 1305 861 1368 notitiam
889 1304 948 1367 sibi
978 1324 1166 1386 comparare,
1194 1314 1304 1388 utpote
1331 1307 1497 1389 inquibus
1521 1325 1579 1368 non

325 1406 438 1469 desunt
472 1407 662 1469 certissimae
696 1406 937 1479 emendationes,
971 1425 1100 1487 quarum
1124 1407 1241 1469 multae
1263 1407 1437 1490 antiquitus
1458 1409 1490 1471 in
1514 1407 1580 1469 edi·

325 1507 425 1570 tiones
448 1515 592 1588 receptae
613 1509 749 1570 luerunt.
792 1506 916 1568 Etenim
941 1507 1147 1569 confitendum
1171 1515 1219 1570 est
1240 1509 1426 1572 recentiores
1444 1508 1581 1571 familias

324 1607 523 1670 Florentinae
546 1608 594 1670 his
616 1608 691 1672 locis
713 1615 873 1688 praestare
896 1605 1051 1668 Medioeo:
1075 1602 1104 1680 7,
1129 1608 1167 1669 12
1189 1615 1255 1670 155
1279 1609 1410 1690 primum
1434 1610 1498 1694 (55.
1524 1607 1581 1692 1.),

327 1703 376 1782 17,
398 1707 520 1772 91555
543 1709 591 1772 155
614 1708 678 1793 (55.
702 1707 758 1792 2.),
781 1708 832 1783 24,
854 1708 874 1768 3
899 1707 984 1769 55155
1007 1707 1112 1788 populi
1136 1706 1200 1792 (ed.
1223 1709 1281 1794 3.),
1303 1711 1354 1785 24,
1373 1705 1392 1773 7
1409 1711 1581 1792 5515555-

325 1815 442 1871 strema
464 1808 527 1892 (ed.
550 1811 669 1890 Froh.),
691 1808 741 1880 26,
764 1807 786 1870 8
807 1809 822 1871 Ι
845 1808 934 1870 lictor
956 1808 1020 1886 (55.
1042 1809 1184 1871 Francol.
1210 1807 1317 1894 1588),
1340 1811 1390 1885 34,
1408 1810 1429 1873 8
1446 1811 1582 1874 demissa

325 1909 436 1974 leuiter
468 1903 533 2002 (ed.
559 1912 612 1990 1.),
647 1909 698 1983 39,
723 1912 736 1970 l
763 1909 830 1971 5155
853 1916 1026 1989 eventuque
1049 1907 1113 1991 (55.
1138 1909 1238 1994 Α15.),
1266 1909 1317 1987 39,
1339 1909 1358 1974 6
1381 1911 1581 1975 1551115515-

324 2019 387 2072 tem
423 2019 545 2074 auctam
575 2010 638 2094 (55.
661 2009 718 2097 8.),
741 2009 792 2083 48,
815 2004 834 2071 'l
857 2008 966 2070 tulisse
989 2007 1053 2092 (ed.
1079 2008 1133 2093 1.).
1178 2009 1329 2075 Similiter
1350 2013 1380 2075 N
1403 2013 1581 2076 accedenti·

324 2111 382 2174 bus
411 2111 518 2174 mixtis
540 2112 724 2194 quibusdam
749 2109 908 2174 antecellit
931 2109 1107 2182 melioribus
1130 2111 1267 2174 familiae
1289 2113 1466 2176 Vaticauae
1491 2111 1540 2189 18,
1561 2111 1582 2177 6

324 2212 355 2274 15
379 2211 482 2292 lapide
505 2211 569 2297 (ed.
593 2213 650 2293 3.),
672 2213 724 2286 24,
746 2211 767 2274 8
789 2210 841 2273 1115
864 2210 913 2272 515
936 2210 1072 2290 iuppiter
1094 2209 1158 2295 (ed.
1184 2213 1239 2290 1.),
1261 2213 1312 2287 35,
1339 2216 1347 2274 l
1375 2215 1494 2277 instare
1516 2213 1581 2298 (cd.

327 2312 383 2396 1.),
413 2311 464 2388 56,
489 2314 504 2376 1
534 2314 616 2377 haud
645 2332 760 2394 parvus
788 2313 851 2394 (55.
876 2310 930 2392 1.).
974 2313 1042 2374 Η55
1065 2319 1168 2374 55155
1192 2321 1295 2376 rectas
1318 2315 1501 2396 scriptiones
1524 2314 1581 2380 tali

325 2413 415 2476 modo
448 2423 587 2477 errantes
621 2413 891 2494 deprehendimus:
925 2411 1029 2474 Praei.
1058 2411 1319 2477 955515551151]
1342 2415 1406 2499 (ed.
1429 2415 1487 2502 5.),
1512 2411 1581 2491 1,7

324 2522 541 2596 percontatum
564 2536 579 2578 r
601 2514 665 2595 (55.
691 2514 746 2598 1.),
778 2513 826 2586 15,
849 2514 869 2574 4
892 2512 978 2574 55115
1001 2521 1068 2575 arte
1091 2515 1106 2574 1
1126 2514 1190 2586 (55.
1214 2514 1333 2601 6551),
1356 2515 1407 2591 26,
1429 2517 1450 2579 5
1473 2537 1509 2580 55
1532 2537 1580 2580 55-

325 2616 458 2678 555555
490 2615 635 2678 15515155
667 2617 681 2677 1
706 2615 770 2700 (55.
801 2612 920 2697 Frob.),
953 2613 1004 2687 32,
1032 2615 1065 2674 11
1095 2614 1211 2676 Priscis
1239 2617 1363 2680 Latinis
1385 2617 1415 2689 Q
1436 2617 1501 2702 (ed.
1527 2616 1581 2702 1.),

324 2715 375 2791 34,
398 2715 417 2779 5
446 2717 535 2780 exule
565 2717 621 2780 Srl
647 2715 711 2800 (55.
740 2713 841 2798 Ald.),
869 2709 919 2787 37,
941 2714 962 2774 2
989 2713 1132 2795 impediit
1154 2735 1169 2776 r
1191 2715 1255 2799 (ed.
1278 2716 1378 2798 Alc),
1405 2718 1458 2790 41,
1483 2721 1497 2782 1
1524 2719 1582 2780 mi-

324 2817 459 2880 rantium
483 2817 646 2881 OEASHI
668 2837 684 2878 r
706 2814 770 2900 (cd.
796 2815 851 2900 1.),
874 2815 925 2887 41,
948 2809 1051 2876 7155
1075 2821 1141 2878 tum
1166 2817 1395 2898 comprehensis
1418 2817 1581 2903 (555555

325 2917 456 3002 compr.)
478 2917 609 2982 UOESI
631 2937 678 2999 rp,
700 2918 751 2990 43,
774 2919 793 2978 2
816 2916 916 2996 prima
939 2915 1047 2977 classis
1069 2917 1101 2976 rf
1121 2917 1185 2998 (55.
1206 2919 1260 2998 1.),
1277 2917 1582 3002 48,6Esquiliarum

326 3017 430 3104 (555.)
462 3018 485 3082 S
516 3017 579 3102 (ed.
604 3017 659 3103 1.),
681 3019 732 3092 51,
755 3020 774 3080 2
798 3024 832 3081 51
854 3016 884 3078 15
907 3035 923 3078 r
945 3015 1009 3098 (55.
1036 3014 1162 3099 1.),55,
1187 3019 1201 3079 1
1228 3020 1349 3082 5551555
1372 3021 1427 3084 SH
1451 3041 1497 3084 mr
1519 3021 1583 3106 (ed.

329 3117 384 3204 1.),
412 3118 463 3194 56,
491 3121 511 3181 2
540 3120 700 3203 aliquanto
729 3119 852 3181 maioris
882 3135 928 3179 mr
955 3115 1018 3200 (55.
1045 3119 1099 3197 1.),
1122 3115 1172 3190 59,
1197 3119 1209 3180 1
1236 3129 1415 3184 manantem
1439 3121 1496 3186 ΟΕ
1519 3120 1583 3206 (55.

329 3220 383 3302 1.),
414 3217 466 3296 59,
487 3221 508 3283 4
534 3222 635 3302 petris
662 3218 870 3283 5555111150
893 3238 908 3280 r
932 3218 995 3296 (55.
1021 3216 1075 3301 1.).
1119 3219 1296 3300 Separatim
1326 3221 1404 3285 haec
1431 3223 1583 3286 notanda:

327 3320 378 3396 26,
406 3319 598 3386 91561155
621 3330 635 3383 t
658 3322 722 3406 (cd.
748 3319 803 3404 1.),
826 3318 877 3392 56,
902 3319 936 3381 11
964 3319 1056 3380 matri
1079 3318 1164 3382 oltT
1186 3321 1271 3383 mrdf
1291 3324 1355 3405 (ed.
1381 3323 1440 3406 l.);
1463 3331 1581 3388 utrum·

328 3441 387 3504 que
410 3424 507 3486 5155
531 3430 709 3486 contextum
733 3421 881 3485 orationis
904 3419 1111 3482 necessarium
1134 3421 1165 3482 in
1184 3422 1335 3488 editiones
1352 3433 1509 3506 receptum
1523 3426 1583 3487 im-

328 3523 478 3604 probatis,
502 3531 536 3586 ut
557 3523 699 3599 decebat,
722 3542 800 3604 5555
825 3520 918 3584 ceteri
941 3539 1047 3582 omncs
1071 3521 1138 3583 555.
1159 3521 1317 3600 exhibent,
1330 3526 1426 3588 61155
1446 3534 1478 3588 51
1491 3526 1583 3608 patri.

328 3623 418 3696 Quod
447 3643 520 3686 vcro
543 3644 639 3706 aeque
663 3623 869 3686 necessarium
894 3621 1044 3684 5555155
1068 3621 1268 3687 intellexerat
1288 3627 1419 3690 Fulvius
1440 3626 1584 3702 Ursinus,

327 3723 380 3799 46,
401 3724 422 3787 8
450 3725 592 3787 Lucius
615 3725 812 3806 Tarquinius,
834 3721 943 3786 necin
967 3722 1029 3784 5115
1052 3721 1101 3784 551
1122 3723 1272 3788 vilissimo
1295 3728 1398 3791 codice
1422 3727 1583 3810 quisquam

328 3833 439 3888 555155
462 3834 511 3888 551
533 3846 599 3900 555,
622 3845 690 3888 555
713 3825 795 3888 desit
817 3824 891 3886 talis
914 3823 1096 3898 auctoritas,
1118 3825 1252 3888 editores
1268 3827 1401 3890 scribere
1417 3829 1483 3892 ausi
1502 3836 1584 3891 sunt.
1611 3901 1612 3904 Ἴ

327 3927 436 3988 Μ5551
458 3928 498 3990 ad
520 3927 578 3990 boc
599 3927 741 4006 Madvig:
775 3925 900 3987 »Livius
921 3923 1054 3985 scribere
1077 3925 1185 3988 debuit
1207 3927 1243 3988 L.
1266 3929 1481 4011 Tarquinius»,
1505 3931 1585 4012 quod

328 4026 451 4108 quidem
486 4029 524 4090 ad
560 4029 659 4091 multa
692 4028 754 4090 alia
787 4026 854 4108 pari
881 4025 948 4087 iure
971 4043 1094 4086 monere
1116 4029 1292 4106 oportebat,
1314 4030 1373 4092 nisi
1397 4051 1477 4112 quae
1499 4030 1586 4094 nulla

329 4127 410 4190 Livii
439 4129 530 4209 culpa
553 4137 661 4210 aperte
683 4129 765 4191 15155
787 4127 906 4190 tradita
927 4133 1010 4198 sunt,
1033 4126 1137 4205 potius
1161 4130 1367 4193 correxissent
1388 4131 1585 4212 interpretes.

412 4229 462 4292 Ex
489 4229 538 4305 iis,
567 4249 646 4313 5555
669 4229 812 4310 exposite
834 4234 916 4300 sunt,
939 4233 1029 4306 petet
1052 4227 1198 4310 pleraque
1222 4249 1336 4305 eorum,
1360 4233 1492 4314 quaein
1515 4231 1586 4295 vili-

329 4330 433 4393 oribus
460 4331 534 4394 solls
562 4332 631 4395 cdd.
659 4332 782 4412 integra
804 4335 977 4401 servantur,
999 4326 1060 4390 iam
1084 4328 1114 4391 iu
1139 4330 1186 4392 ed.
1209 4331 1347 4414 principe
1370 4342 1426 4397 aut
1448 4334 1586 4416 proxime

329 4431 532 4512 sequentibus
554 4439 638 4494 recte
659 4432 778 4513 scripta
798 4431 905 4502 151555,
927 4427 1116 4508 paucissima
1138 4451 1234 4513 usque
1257 4434 1295 4495 55
1319 4453 1401 4497 5555.
1423 4433 1514 4497 XVI.
1531 4441 1587 4498 aut

329 4531 437 4594 XVII.
462 4534 604 4615 neglecta
626 4553 702 4596 esse.
747 4531 848 4595 Simul
870 4548 942 4592 vcro
963 4528 1211 4607 innumerabilia,
1234 4553 1314 4617 quae
1331 4536 1360 4598 in
1380 4535 1506 4616 optimis
1519 4536 1586 4598 cdd.

330 4631 419 4694 salva
447 4641 547 4709 erant,
568 4635 599 4697 in
623 4635 691 4697 555.
715 4632 872 4696 veteribus
895 4632 1163 4710 depravabantur3
1187 4635 1281 4717 qnid?
1303 4637 1383 4718 quod
1406 4643 1498 4699 tauta
1520 4635 1587 4698 edl-

330 4740 431 4796 torum
455 4735 515 4797 1511
536 4735 757 4809 inconstantia,
781 4741 815 4797 ut
837 4751 917 4814 quae
940 4732 1034 4794 semel
1052 4733 1130 4796 bene
1153 4755 1186 4797 55
1204 4735 1366 4810 haberent,
1392 4755 1447 4817 per
1464 4737 1587 4819 longum

330 4841 454 4915 tempus
482 4835 513 4898 in
542 4835 678 4900 deterius
706 4835 805 4898 relabi
833 4839 1024 4915 paterentur.
1069 4837 1138 4906 Quo
1162 4838 1262 4914 modo,
1285 4846 1320 4901 ut
1342 4839 1516 4922 exemplum
1540 4839 1588 4902 51-
