3574 5632
375 640 573 718 Hpilegonreua
595 639 631 699 ad
653 641 684 700 Τ.
709 639 782 701 Livii
804 643 907 700 librum
929 643 1089 702 vicesimum
1110 643 1241 718 primum.
1420 641 1437 701 8

174 837 251 882 rum
285 827 351 881 tum
383 839 491 882 sensus
513 821 596 900 ipse;
630 839 701 882 nam
726 839 785 882 uon
809 828 873 882 tam
897 818 1006 883 Sicilia
1028 819 1215 884 concessisse
1238 817 1440 899 Carthagini-

175 940 274 983 enses
295 921 504 984 Hamilcarem
518 921 655 1002 pigebat,
679 941 771 1003 quam
784 922 865 1003 quod
880 922 966 1001 pacis
981 921 1211 984 condicionibus
1223 939 1291 984 eam
1304 920 1437 983 insulam

177 1021 334 1084 Romanis
357 1029 583 1084 concesserant.
627 1023 761 1084 Dativus
783 1021 910 1106 (nempe
933 1023 1149 1104 Romanislad
1162 1043 1336 1086 conoessum
1349 1022 1439 1085 iacile

180 1122 378 1204 intelligitur.
423 1122 470 1185 ct.
495 1122 544 1196 36,
567 1124 618 1198 30,
642 1124 656 1184 l
683 1143 830 1186 concessa
852 1123 942 1185 militi
967 1124 1092 1204 praeda.

270 1225 300 1297 2,
327 1225 347 1284 2
381 1245 459 1308 quae
487 1224 554 1286 lun.
576 1224 676 1286 Rhen.
701 1225 773 1288 Gur.
796 1224 916 1306 Gryph.
940 1224 1035 1287 Gron.
1058 1223 1156 1286 Drak.
1179 1225 1264 1306 Mvg.
1288 1223 1362 1286 Wfl.
1386 1224 1442 1308 qui

186 1324 248 1386 ΟΜ
275 1324 342 1386 rell.
370 1326 438 1387 cdd.
471 1326 498 1385 l.
521 1326 550 1386 3.
583 1326 658 1388 Asc.
685 1326 768 1405 Mog.
791 1325 865 1387 Ald.
889 1325 963 1388 Sob.
992 1324 1089 1408 Gryn.
1120 1324 1223 1387 Rudd.
1251 1325 1320 1388 Als.
1350 1325 1440 1387 st.

183 1424 269 1486 Hrw.
292 1426 344 1487 cui
365 1425 472 1486 Hertz.
516 1426 586 1488 Non
609 1425 704 1508 igitur
726 1445 745 1486 a
767 1425 917 1488 Rhenauo
940 1424 1001 1504 (ed.
1025 1427 1117 1488 Frob.
1143 1425 1250 1509 1535),
1279 1434 1312 1488 ut
1341 1426 1441 1488 credi-

184 1526 276 1588 derat
297 1525 406 1599 Drak.‚
429 1527 483 1588 sed
507 1527 546 1587 ab
569 1526 772 1589 »Aldinarum
796 1527 886 1588 simia
909 1526 1052 1588 Iuntina»
1076 1547 1155 1611 quae
1175 1526 1252 1590 illud
1268 1528 1440 1606 proiectum

185 1634 245 1700 est,
267 1627 360 1708 idque
384 1627 514 1689 forsitan
538 1646 649 1701 errore,
683 1647 753 1690 nam
784 1627 858 1690 Ald.
889 1628 987 1690 maior
1008 1628 1118 1708 siglum
1142 1626 1249 1700 habet,
1283 1628 1364 1709 quod
1387 1627 1442 1712 qui

185 1726 352 1807 significat,
374 1728 428 1790 sed
452 1747 506 1808 pro
529 1749 608 1812 quae
630 1728 728 1808 accipi
751 1728 862 1808 potuit.
908 1728 965 1791 Oui
988 1727 1148 1808 scriptioni
1171 1747 1190 1789 a
1211 1727 1363 1791 Rhenano
1390 1748 1441 1790 re·

187 1836 297 1908 ceptae
320 1847 434 1910 magna
455 1828 626 1890 auctoritas
650 1829 814 1892 conciliata
837 1837 895 1902 est,
929 1829 1072 1910 quoniam
1102 1847 1177 1892 vera
1203 1829 1286 1909 origo
1308 1829 1340 1890 in
1363 1829 1441 1890 obli-

184 1928 306 1990 vionem
329 1937 468 1992 venerat.
513 1928 657 1992 Ceterum
692 1929 862 1992 Rhenanus
895 1930 926 1992 in
961 1949 998 1992 ea
1020 1937 1109 2010 parte
1133 1930 1199 1991 cod.
1223 1929 1362 2010 Spirensi
1385 1931 1442 1992 de·

184 2029 315 2091 stitutas
337 2030 391 2090 vix
414 2029 538 2092 maioris
560 2030 631 2092 fidei
655 2039 703 2094 est
725 2051 816 2112 quam
841 2031 950 2092 luntas
974 2038 1029 2092 aut
1051 2031 1162 2092 qutae
1184 2030 1343 2093 haeredes.
1378 2030 1442 2093 Mi-

186 2130 267 2192 nime
290 2149 362 2192 veru
386 2129 532 2192 credibile
555 2139 613 2202 est,
636 2132 662 2192 si
684 2153 763 2215 quae
785 2151 805 2194 a
826 2131 915 2193 Livio
938 2132 1086 2212 scriptum
1111 2138 1204 2204 esset,
1231 2132 1368 2194 futurum
1392 2132 1442 2194 iu·

183 2230 256 2304 isse,
280 2239 312 2292 ut
336 2231 368 2293 id
391 2230 538 2294 hocloco
561 2233 591 2294 in
615 2233 670 2316 qui
692 2240 875 2294 mutaretur.
919 2232 1005 2294 Nihil
1029 2252 1104 2294 sane
1128 2240 1220 2305 esset,
1244 2232 1324 2313 quod
1339 2233 1442 2294 olien-

185 2331 283 2404 deret‚
306 2332 332 2393 si
356 2331 414 2394 hoc
436 2331 541 2394 ordine
564 2333 660 2394 verba
684 2332 924 2395 collocarentur:
947 2341 1000 2394 »ut
1023 2340 1188 2413 appareret
1203 2367 1296 2378 --
1310 2332 1441 2404 Poenos,

184 2431 236 2514 qui
269 2432 457 2495 Hannibalis
491 2433 587 2494 ductu
621 2453 709 2496 arma
742 2433 854 2495 Italiae
884 2433 1066 2506 intulerunt,
1099 2432 1277 2495 Hamilcare
1305 2433 1392 2507 duce,
1415 2432 1441 2494 si

185 2532 303 2595 diutius
323 2533 352 2594 is
375 2533 515 2606 vixisset,
534 2534 676 2596 illaturos
700 2534 827 2610 fuissem
851 2535 905 2596 sed
930 2534 1118 2596 commodius
1142 2543 1211 2596 erat
1232 2533 1375 2614 scriptori
1398 2534 1441 2595 »si

186 2633 303 2696 diutius
325 2634 474 2696 vixisset»
498 2643 530 2696 et
551 2635 643 2698 simul
665 2635 859 2698 »Hamilcare
882 2636 977 2698 duce»
995 2635 1254 2715 praecedentibus
1266 2635 1441 2708 adnectere,

184 2753 243 2816 quo
268 2734 442 2814 paullulum
464 2744 585 2798 remota
607 2744 681 2798 sunt
702 2736 758 2797 illa
781 2735 850 2817 »qui
871 2735 1077 2798 Hannibalis»
1100 2743 1158 2798 cet.
1202 2735 1248 2798 Ut
1276 2735 1357 2797 Livii
1381 2736 1443 2797 fert

186 2835 298 2916 opinio,
322 2836 383 2917 qui
406 2835 594 2898 Hannibalis
622 2839 749 2900 taudem
774 2838 868 2899 ductu
892 2837 1048 2899 Romanos
1071 2835 1207 2918 aggressi
1229 2845 1303 2898 sunt
1325 2836 1442 2910 hostes,

185 2936 217 3010 ii,
239 2937 266 2997 si
289 2945 380 3016 pater
403 2937 468 2998 eius
491 2937 608 2999 diutius
631 2937 772 3011 vixisset,
794 2937 853 2999 hoc
874 2937 942 3018 ipso
966 2938 1042 2999 duce
1066 2937 1203 3018 aggressi
1227 2944 1340 2999 essent.
1376 2937 1443 2999 Ne·

185 3057 254 3119 que,
278 3057 379 3118 quae
402 3057 489 3100 arma
512 3045 578 3100 tum
602 3039 725 3100 demum
747 3039 931 3112 intulerunt,
955 3058 991 3100 ea
1012 3039 1073 3100 iam
1098 3047 1194 3100 antea
1219 3038 1362 3100 illaturos
1392 3039 1441 3100 fu·

185 3139 247 3200 isse
269 3138 348 3199 bene
371 3138 493 3212 dicitur,
527 3159 636 3220 neque,
660 3139 719 3202 cui
741 3139 854 3202 Italiae
876 3139 1063 3201 Hannibalis
1085 3148 1223 3219 tempore
1247 3157 1333 3201 arma
1355 3139 1442 3201 intu-

186 3239 299 3312 lerunt,
322 3238 350 3301 ei
372 3239 551 3302 Hamilcare
574 3240 644 3302 vivo
667 3240 810 3303 illaturos
833 3240 938 3302 fuisse.
974 3239 1248 3320 Carthaginienses
1258 3239 1438 3302 Hamilcare

187 3340 264 3401 duce
287 3357 374 3400 arma
397 3349 505 3402 contra
525 3339 684 3403 Romanos
707 3341 828 3421 capturi
852 3341 987 3414 luerunt,
1010 3349 1046 3402 ut
1067 3341 1159 3402 iidem
1183 3359 1292 3402 revera
1319 3340 1441 3402 Hanni-

186 3440 266 3503 balis
299 3441 394 3502 ductu
428 3449 593 3521 ceperunt;
627 3462 686 3503 non
721 3450 825 3504 autem
860 3461 948 3502 arma
976 3441 1083 3503 eadem
1113 3443 1153 3503 ab
1176 3449 1306 3521 utroque
1327 3440 1442 3502 Italiae

188 3542 283 3603 luisse
305 3541 477 3616 inferenda,
500 3549 556 3603 aut
577 3542 690 3604 Italiae
713 3543 811 3604 eidem
835 3561 923 3604 arma
945 3549 977 3602 et
999 3549 1119 3621 patrem
1144 3550 1175 3604 et
1191 3541 1442 3603 filiumillaturos

189 3641 284 3704 luisse
306 3661 402 3704 sanae
423 3643 598 3705 sententiae
621 3663 688 3706 esse
711 3643 843 3705 videtur.
887 3643 987 3705 Arma
1004 3643 1127 3716 inferre,
1148 3643 1221 3724 quia
1243 3641 1333 3703 unius
1356 3641 1442 3704 verbi

187 3743 254 3805 vice
276 3745 456 3825 funguntur,
479 3746 519 3805 ad
542 3743 725 3806 alterutrum
741 3745 837 3806 solum
852 3743 1010 3826 pertinens
1022 3751 1173 3823 respuunt
1185 3742 1442 3805 additamentum.

270 3845 300 3919 2,
323 3843 344 3905 4
365 3843 530 3906 Barcinae
552 3843 660 3918 Gran,
683 3846 786 3907 nescio
809 3864 870 3926 qua
893 3864 998 3918 causa,
1031 3843 1165 3906 scribere
1195 3843 1297 3924 coepit
1318 3863 1373 3923 pro
1397 3863 1442 3918 eo,

188 3945 268 4026 quod
302 3944 419 4025 priores
454 3964 493 4008 ex
526 3945 613 4008 libris
647 3966 741 4008 manu
769 3947 893 4026 scriptis
921 3954 1134 4020 servaverant,
1164 3943 1357 4018 Bacchium,
1381 3963 1442 4026 qua

188 4045 354 4126 scriptione
378 4046 528 4125 genuinae
551 4047 755 4126 appellationi
778 4047 903 4110 litterae
926 4061 946 4108 c
968 4046 1078 4108 melius
1100 4046 1280 4109 consulitur.

272 4149 303 4221 2,
325 4145 476 4231 (ipsium
498 4147 536 4210 ob
558 4148 642 4209 irum
664 4147 724 4210 ΟΜ
748 4148 821 4210 Ald.
845 4148 918 4210 Sob.
942 4147 1034 4210 Frob.
1057 4167 1125 4229 sqq.
1153 4147 1191 4210 ob
1219 4147 1303 4208 irum
1332 4143 1443 4229 pulum

191 4247 218 4308 1.
242 4248 270 4308 3.
293 4248 368 4309 Asc.
392 4249 475 4329 Mog.
497 4248 718 4334 ——interfecti
742 4250 768 4310 l.
792 4249 821 4310 3.
844 4250 926 4328 Mog.
950 4268 1016 4330 sqq.
1039 4247 1197 4334 interfecit
1220 4247 1289 4310 ΟΜ.
1312 4246 1443 4308 obman-

190 4349 253 4410 cuti
274 4348 348 4410 wfl.
372 4383 413 4396 -
435 4347 599 4412 obtruncat
626 4350 694 4411 Als.
722 4350 813 4411 st.
842 4350 926 4430 Mvg.
955 4348 1133 4411 obtruncati
1155 4350 1224 4413 ΟΜ.
1247 4345 1443 4410 obtruncavit

191 4450 219 4510 l.
243 4450 271 4510 3.
293 4450 377 4530 Mag.
400 4448 474 4512 ΑΜ.
498 4451 591 4512 Frob.
613 4449 709 4513 Gron.
732 4450 828 4512 Dralr.
852 4449 1010 4536 interfecit
1031 4450 1107 4511 wfl.
1132 4450 1326 4513 Obtruncare
1344 4447 1442 4529 mame

189 4569 277 4612 servo
311 4550 457 4613 convenit
489 4570 581 4632 quam
614 4551 818 4614 Hasdrubali.
864 4551 1021 4613 Constans
1052 4552 1155 4614 estin
1183 4552 1252 4614 cdd.
1275 4550 1349 4611 ordo
1372 4567 1442 4610 ver-

186 4651 305 4712 borum.

272 4751 302 4824 5,
324 4750 345 4813 6
367 4772 472 4814 coram
494 4751 586 4816 urbes
607 4755 718 4815 Franc.
742 4753 890 4816 Sanctius
913 4752 1052 4814 coniecit.
1095 4751 1218 4813 Monuit
1246 4771 1284 4813 ex
1312 4747 1441 4833 Polybio

189 4852 333 4934 Sigonius
370 4853 466 4916 luisse
493 4853 682 4916 Arbocalam
712 4855 923 4918 vaccaeorum
948 4854 1064 4916 urbem.
1099 4861 1282 4914 curtoeoram
1304 4851 1442 4916 urbcsO
