3584 5632
364 638 403 696 42
648 639 849 713 Epilegomena
870 640 907 697 ad
927 640 960 696 Τ.
984 638 1057 698 nivii
1079 639 1183 696 librum
1205 641 1336 712 primum.

362 812 543 896 plerumque
575 811 763 894 intelligitur
790 831 859 876 esse
886 811 936 874 vel
962 812 1039 888 ficri,
1062 831 1099 874 ao
1121 831 1351 893 nonnumquam
1375 811 1513 888 additur,
1535 818 1573 876 ut
1596 811 1625 884 l,

362 911 413 987 29,
435 915 455 976 2
478 913 583 989 0125,
608 914 656 989 10,
681 915 709 988 l,
738 921 845 977 tamen
867 913 950 976 haud
974 915 1047 988 scio,
1071 933 1110 976 an
1133 913 1200 976 loco
1222 919 1328 977 nostro
1351 913 1499 978 adiuvare
1522 910 1626 976 audiri

361 1014 471 1096 possit.

447 1117 498 1192 25,
524 1117 561 1178 13
589 1137 649 1201 000
671 1135 774 1201 prope
801 1123 916 1177 metam
942 1137 991 1178 res
1012 1114 1124 1201 fuerat
1146 1114 1207 1198 (sic
1229 1115 1298 1178 cdd.
1321 1122 1353 1178 et
1376 1115 1456 1190 edd,
1477 1115 1506 1178 si
1528 1133 1624 1178 exce-

364 1218 447 1300 peris
475 1239 535 1302 000
557 1217 696 1303 propias
718 1217 821 1291 Grut,
844 1216 928 1301 qaod
943 1237 1047 1302 prope
1068 1216 1175 1280 Madv.
1198 1218 1246 1279 ed.
1268 1215 1326 1299 2.),
1348 1216 1368 1278 1.
1393 1237 1419 1280 0.
1441 1235 1502 1298 000
1525 1214 1625 1280 metui

363 1340 414 1382 res
445 1319 760 1401 adpropinquaverat.
802 1316 948 1382 Adiectio
976 1318 1071 1400 igitur
1093 1317 1247 1398 gradatim
1270 1319 1357 1380 10010
1378 1316 1410 1380 10
1431 1316 1499 1397 ipso
1523 1329 1626 1380 enun-

363 1420 444 1483 tiato
472 1420 662 1484 continetur:
697 1419 865 1482 auctiorem
888 1426 1005 1482 metum
1029 1417 1234 1501 aequabiliter
1256 1418 1378 1481 auctius
1401 1417 1548 1500 gaudium
1572 1437 1625 1480 se—

363 1529 468 1584 cutum
497 1529 554 1584 est.
599 1521 750 1585 Similiter
782 1522 844 1582 fere
872 1520 923 1595 21,
946 1520 996 1595 54,
1018 1519 1038 1581 8
1061 1519 1209 1601 quidquid
1232 1539 1328 1582 aurae
1349 1519 1485 1582 fluminis
1507 1521 1625 1598 adpro-

364 1622 570 1705 pinquabant,
593 1623 733 1684 adflabat
755 1621 854 1684 acrior
876 1621 998 1702 frigoris
1020 1621 1067 1682 vis
1090 1622 1125 1704 (i.
1149 1641 1175 1684 0.
1199 1641 1258 1702 000
1276 1621 1375 1701 magis
1394 1640 1490 1701 nsque
1507 1621 1626 1702 adpro-

364 1721 587 1807 pinquabant),
613 1723 665 1798 40,
687 1724 738 1797 22,
761 1724 781 1784 2
804 1730 954 1804 qnantum
977 1722 1008 1784 in
1031 1721 1229 1785 altitudinem
1253 1721 1501 1804 egrediebantur,
1524 1719 1625 1802 magis

365 1825 524 1907 magisque
546 1823 704 1887 silvestria
725 1823 794 1885 loca
816 1822 1023 1903 excipiebant.
1058 1823 1155 1886 Latet
1175 1823 1207 1886 iu
1229 1823 1278 1884 his
1302 1822 1533 1904 comparativus
1550 1842 1624 1884 sen·

364 1926 482 1988 tentiae
505 1925 724 2000 secundariae;
754 1925 917 1986 abstrusus
941 1925 1073 2005 quodam
1097 1925 1187 1988 modo
1210 1932 1258 1988 est
1280 1924 1331 1998 34,
1353 1925 1384 1998 4,
1405 1926 1426 1988 3
1447 1924 1536 1986 Ηο00
1558 1943 1625 2004 ego,
1655 1948 1658 1950 ·

364 2047 423 2108 quo
452 2026 559 2090 melior
588 2026 759 2107 laetiorque
787 2025 817 2087 in
848 2023 914 2087 dies
938 2027 1064 2088 fortuna
1085 2025 1129 2087 rei
1152 2025 1294 2105 publicae
1318 2032 1377 2099 est,
1398 2024 1624 2106 imperiumque

364 2127 485 2203 crescit,
513 2147 548 2190 00
570 2127 641 2209 0100
663 2127 782 2188 horreo.
825 2126 898 2200 Ubi,
921 2125 994 2207 quia
1015 2127 1164 2189 remotius
1187 2147 1247 2210 000
1269 2126 1490 2207 comparativis
1511 2125 1624 2206 prioris

364 2229 495 2292 membri
527 2227 729 2302 adhaerebat,
758 2226 913 2308 posterius
943 2227 1138 2290 enuntiatum
1161 2226 1377 2292 secundarium
1400 2227 1445 2290 sic
1467 2225 1627 2307 supplevit

365 2333 413 2394 ed.
445 2330 538 2394 Frob.
572 2322 791 2416 (Rhenanus):
826 2348 886 2409 quo
919 2329 1018 2409 magis
1048 2329 1210 2409 imperium
1240 2329 1360 2392 crescit
1403 2328 1565 2392 Interdum
1589 2347 1625 2388 eo

365 2432 455 2495 modo
478 2450 589 2493 manca
611 2437 689 2493 sunt·
707 2429 872 2492 enuntiata
893 2429 1148 2509 proportionalia,
1170 2450 1250 2511 quae
1267 2434 1429 2504 vocantur,
1446 2435 1482 2492 01
1493 2427 1524 2491 10
1536 2427 1625 2509 prin-

365 2533 458 2614 cipali
490 2531 649 2594 sententia
681 2529 763 2592 desit
797 2530 1038 2610 comparativus,
1071 2529 1159 2596 velut
1190 2529 1221 2606 6,
1243 2530 1335 2606 34,1
1367 2530 1494 2602 Quanto
1525 2529 1626 2610 magis

364 2632 536 2716 tranquilla
568 2632 672 2696 omnia
705 2638 805 2704 erant,
838 2638 928 2694 10010
950 2630 982 2693 10
1004 2633 1080 2694 urbe
1102 2631 1245 2696 miseriae
1269 2632 1460 2696 crescebant.
1504 2630 1626 2694 Secun-

365 2735 471 2798 dariae
505 2741 609 2796 autem
643 2731 828 2806 sententiae,
863 2753 942 2813 quae
971 2752 990 2794 0
1019 2740 1135 2813 000010
1156 2733 1319 2813 incipiunt,
1341 2733 1426 2795 haud
1447 2751 1517 2795 raro
1541 2731 1625 2812 apud

366 2836 509 2900 Tacitum
534 2841 641 2898 carent
663 2832 890 2914 comparativo:
913 2832 997 2896 Anu.
1022 2835 1050 2905 l,
1073 2827 1113 2896 57
1131 2842 1248 2915 quanto
1266 2834 1334 2920 0010
1354 2833 1626 2914 audaciaprourp-

365 2945 427 3010 tus,
461 2943 550 2999 tanto
584 2934 683 3016 magis
716 2934 807 3008 fidus,
839 2934 867 3007 1,
890 2933 931 2997 68
952 2934 1045 2997 Hosti
1068 2934 1159 2996 facile
1182 2934 1335 2998 excidium
1359 2933 1510 3016 cogitanti
1531 2953 1626 2996 sonus

365 3039 522 3111 tubarum,
555 3036 656 3116 fulgor
683 3054 837 3098 armorum
866 3040 982 3116 quanto
1003 3035 1141 3116 inopina,
1162 3043 1252 3099 tanto
1275 3035 1395 3100 maiora
1415 3031 1626 3108 offunduntur,

365 3141 395 3214 3,
418 3137 437 3200 5
459 3144 549 3201 10010
573 3137 663 3218 01000
686 3137 798 3198 decora
819 3154 891 3198 mox
913 3135 1008 3198 tribui
1031 3155 1088 3216 par
1110 3136 1216 3211 101000,
1240 3143 1356 3218 quanto
1374 3135 1475 3217 prima
1492 3137 1556 3198 1000
1570 3153 1626 3198 00-

366 3239 514 3321 gavisset.
559 3238 612 3301 Sic
634 3237 768 3318 saepius.
814 3236 1096 3311 0100011014,
1121 3235 1625 3324 12100101110000001000001-

366 3347 462 3414 cerat,
496 3347 612 3422 quanto
640 3346 676 3400 10
703 3337 845 3401 omnibus
868 3337 1065 3418 praestitisti,
1089 3337 1146 3402 Ov.
1169 3339 1246 3402 Met.
1272 3340 1300 3412 l,
1322 3337 1384 3402 464
1407 3337 1534 3410 Quanto
1557 3336 1626 3401 ani-

366 3442 461 3504 malia
485 3442 600 3505 cedunt
621 3441 690 3516 deo,
712 3445 802 3502 tauto
825 3439 924 3502 minor
946 3446 1072 3502 001100
1094 3439 1193 3520 gloria
1213 3449 1331 3504 nostra.

449 3542 501 3617 26,
522 3541 544 3604 8
565 3541 619 3604 110
639 3561 729 3626 proc.
753 3549 836 3612 cert,
860 3540 1011 3620 0100010
1034 3547 1106 3604 0010
1129 3541 1145 3623 d
1166 3539 1197 3604 6.
1242 3541 1319 3607 Gdd.
1343 3548 1376 3603 et
1397 3541 1478 3614 cdd,
1500 3539 1625 3620 paucis-

367 3643 454 3706 simis
488 3643 637 3724 exceptis,
669 3641 724 3704 Ite
752 3641 790 3704 de
812 3642 1036 3726 prouocatione
1058 3651 1226 3705 certatum:
1253 3649 1389 3706 certasse
1411 3641 1506 3723 igitur
1528 3641 1567 3704 dc
1589 3660 1624 3703 eo

365 3763 452 3807 reum
482 3751 514 3806 et
541 3743 729 3818 duumviros,
757 3750 912 3824 qnatenus
938 3741 1009 3822 1000
1030 3741 1208 3823 provocatio
1230 3743 1297 3808 iure
1319 3750 1351 3808 et
1368 3742 1529 3826 aequitate
1543 3741 1626 3806 nite·

366 3852 468 3922 retur;
502 3847 583 3928 quod
616 3864 675 3908 uon
710 3851 783 3924 0010
817 3843 878 3906 dici
905 3843 967 3906 iam
996 3843 1122 3923 Lipsius
1149 3851 1182 3908 et
1203 3845 1281 3908 Tan.
1303 3845 1407 3908 Faber
1430 3849 1625 3916 censuerunt,

368 3947 567 4027 quamobrem
590 3953 708 4010 remoto
731 3944 769 4008 de
790 3943 843 4007 ille
865 3943 919 4007 110
941 3943 1065 4008 damona
1087 3944 1185 4027 (quod
1205 3945 1237 4009 in
1255 3951 1376 4009 textum
1395 3944 1626 4026 recepitPreu·

368 4046 508 4131 daville),
529 4047 580 4110 bio
602 4046 724 4131 Itaque,
747 4045 767 4107 i.
791 4065 816 4108 e.
840 4052 934 4127 atque
956 4046 1004 4108 ita
1025 4043 1123 4129 (quod
1145 4047 1264 4128 recepit
1284 4045 1383 4131 Frey)
1406 4045 1546 4110 coniecit.

451 4141 503 4223 27,
527 4148 541 4210 1
568 4148 732 4211 commissa
748 4145 861 4233 fuerat
882 4147 931 4210 his
954 4147 1076 4210 demum
1099 4147 1190 4210 annis
1213 4147 1361 4212 extremis
1378 4145 1550 4212 doctissimi
1568 4143 1626 4208 viri

367 4248 501 4312 scribere
536 4256 718 4329 coeperunt:
752 4247 887 4328 priorum
921 4247 1075 4311 nemiuem
1110 4249 1248 4313 codicum
1281 4248 1437 4330 scriptura
1461 4247 1627 4312 commisso

362 4349 467 4437 faerit
500 4350 682 4423 offenderat,
715 4349 775 4410 nisi
810 4350 890 4431 qnod
923 4347 1055 4429 Ruperti
1088 4349 1215 4430 0100000
1247 4349 1388 4414 imitator
1419 4347 1562 4412 Lemaire
1595 4346 1626 4409 in

368 4451 493 4514 scholiis
521 4451 605 4513 haec
628 4449 831 4513 addiderunt:
855 4451 953 4513 »10010
969 4448 1082 4535 fuerat
1104 4457 1160 4514 aut
1175 4450 1305 4537 fuisset,
1326 4451 1455 4514 Bauer».
1497 4449 1626 4512 Perfec-

369 4560 436 4616 tum
469 4551 658 4616 coniunctivi
684 4550 757 4631 poni
785 4570 845 4613 non
869 4571 971 4631 00000,
993 4550 1039 4613 011
1059 4551 1199 4633 Madvig,
1220 4552 1254 4616 in
1274 4551 1451 4616 huiusmodi
1473 4547 1630 4614 sententia

368 4654 408 4716 ad
441 4653 622 4735 primariam
654 4651 817 4732 praeteriti
850 4650 998 4733 temporis
1031 4652 1219 4718 seutentiam
1253 4652 1402 4717 adiuncta
1429 4652 1467 4714 de
1493 4671 1527 4713 re
1554 4655 1628 4714 ante

370 4762 444 4816 acta
470 4775 525 4835 000
554 4753 869 4834 plusquamperfecto.
913 4753 967 4815 Ad
995 4753 1173 4833 primariam
1201 4773 1274 4818 vcro
1296 4753 1459 4834 praeteriti
1480 4748 1629 4832 temporis

367 4855 559 4922 seutentiam
582 4855 684 4922 altera
707 4853 832 4920 001110
853 4853 979 4936 adiungi
1001 4862 1116 4935 potest,
1139 4861 1175 4918 01
1197 4875 1236 4920 cx
1257 4855 1313 4920 illa
1333 4854 1480 4940 pendeat,
1502 4851 1630 4927 001110,
