3584 5632
468 631 668 703 Epilegomena,
688 631 724 686 od
747 631 778 686 Τ.
803 629 874 686 bivii
897 630 999 685 librum
1022 630 1152 699 primum.
1399 627 1438 681 25

170 800 255 876 RD,
277 804 307 876 2,
330 797 359 877 7,
381 803 403 866 8
425 813 524 868 morte
545 803 763 868 occubuissent
784 802 840 864 Lu
861 802 986 884 aliique.
1023 803 1066 864 m
1088 800 1246 864 ablativus
1261 809 1292 863 et
1306 800 1442 875 dativus,

172 903 237 984 qui
260 911 309 965 est
331 905 415 984 apud
437 915 547 986 poetas
570 907 691 988 (certae
713 904 893 966 occumbere
916 904 1007 966 morti
1030 902 1118 983 Virg.
1141 901 1221 964 Aen.
1240 903 1270 976 2,
1287 900 1355 982 62),
1374 919 1441 963 cum

173 1003 214 1064 vi
237 1004 323 1066 verbi
345 1005 535 1069 intransitivi
558 1007 675 1086 optime
698 1005 894 1068 conveniunt.

267 1103 340 1178 8‚b
373 1107 573 1170 adiiciendae
604 1104 818 1169 multitudinis
850 1126 955 1179 eausa,
988 1104 1008 1166 i.
1036 1125 1062 1167 e.
1092 1111 1128 1166 ut
1149 1123 1260 1166 novam
1284 1103 1440 1167 hominum

176 1205 414 1270 multitudinem
447 1209 576 1272 adderet
605 1210 642 1282 ei,
672 1226 750 1289 quae
771 1206 834 1268 iam
858 1213 935 1269 erat.
979 1206 1016 1268 Id
1037 1205 1169 1268 Romulo
1193 1223 1285 1268 curae
1307 1213 1385 1279 erat,
1408 1211 1443 1266 ut

178 1325 240 1386 pro
268 1308 389 1371 ambitu
411 1309 496 1372 urbis
519 1309 631 1372 civium
655 1327 775 1389 quoque
798 1327 944 1369 numerus
967 1306 1087 1368 auctior
1109 1313 1201 1368 esset.
1246 1305 1328 1377 Quid
1353 1325 1443 1385 spec-

179 1407 310 1483 taverit,
340 1409 506 1485 indicatur,
528 1430 589 1474 non
612 1429 674 1492 qua
696 1417 764 1471 arte
785 1408 818 1471 id
840 1409 921 1490 quod
945 1407 1091 1488 cupiebat
1114 1407 1208 1469 inerit
1230 1408 1443 1470 adsecuturos.

179 1508 320 1584 Mutato,
344 1518 378 1572 ut
398 1511 444 1585 rit,
467 1511 565 1574 altero
588 1511 597 1574 i
619 1511 651 1574 in
675 1510 684 1572 l
707 1509 784 1593 (duo
806 1510 816 1571 i
839 1509 957 1589 scripta
978 1509 1074 1570 luisse
1096 1508 1146 1570 hic
1161 1527 1282 1590 quoque
1296 1507 1444 1589 apparet)

184 1606 385 1674 adliciendas
412 1610 478 1695 (vel
506 1611 604 1694 allio.)
633 1611 750 1674 mansit
770 1611 802 1672 in
826 1610 933 1690 paucis
956 1609 1024 1672 cdd.
1049 1617 1081 1671 et
1103 1610 1172 1672 edd.
1206 1609 1255 1672 Of.
1278 1609 1352 1672 diss.
1376 1627 1446 1670 mea

182 1711 232 1772 De
255 1711 375 1774 mendis
397 1712 534 1775 codicum
559 1711 703 1776 Caesaris
726 1730 755 1791 p.
778 1711 829 1772 42.

267 1810 298 1884 9,
320 1812 340 1875 6
363 1835 383 1874 a
398 1811 561 1898 plerisque
583 1820 650 1887 ott,
673 1813 754 1894 quod
776 1830 930 1892 perparva
952 1811 1089 1874 codicum
1114 1809 1301 1874 auctoritate
1325 1811 1444 1885 nititur,

184 1911 320 1975 editores
343 1914 431 1995 longe
453 1914 577 1995 plurimi
600 1915 732 1976 ducente
755 1912 895 1975 Asulano
919 1920 1057 1986 tuentur,
1080 1910 1269 1993 pancissimi,
1285 1911 1444 1993 inquibus

183 2013 399 2090 Muehlmauu‚
422 2016 465 2078 M.
487 2015 620 2078 Mueller
642 2022 674 2078 et
695 2013 918 2076 Weissenborn
942 2033 1039 2095 usque
1062 2015 1101 2076 ad
1125 2021 1246 2076 sextam
1268 2013 1445 2086 editionem,

134 2108 139 2115 ’
183 2114 216 2175 id
246 2117 326 2194 quod
355 2117 424 2178 cdd.
451 2115 561 2197 optimi
588 2135 710 2178 summa
739 2115 916 2176 constantia
937 2115 1099 2195 praebent,
1122 2111 1346 2198 sepulcrisque,
1369 2113 1446 2176 reti-

185 2224 330 2278 nuerunt.
375 2216 466 2288 Quod
495 2218 521 2278 si
551 2217 590 2279 ab
612 2215 701 2278 initio
724 2237 744 2277 u
765 2214 888 2289 fuisset,
910 2235 970 2278 non
994 2214 1140 2278 credibile
1162 2223 1211 2276 est
1233 2216 1370 2277 futurum
1395 2216 1445 2276 fu-

185 2315 259 2390 isse,
292 2325 328 2379 ut
354 2316 386 2380 iu
415 2339 453 2380 ue
481 2323 664 2392 mutaretur,
698 2336 794 2398 quare
817 2317 1003 2397 suscriptio
1026 2316 1084 2378 nisi
1108 2315 1296 2380 necessitate
1318 2324 1446 2396 cogente

185 2436 247 2478 non
271 2427 319 2480 est
340 2417 554 2500 relinquenda.
596 2417 750 2499 Equidem
773 2417 805 2479 id
828 2418 966 2497 profecto
990 2437 1049 2479 non
1072 2437 1140 2480 esse
1163 2416 1368 2478 necessarium
1388 2436 1447 2496 pu-

185 2519 329 2580 taverim.
372 2520 534 2602 Nusquam
569 2518 699 2600 benigne
734 2518 828 2598 legati
861 2518 985 2580 Rerumi
1013 2516 1112 2580 auditi
1135 2525 1208 2580 suut
1229 2517 1448 2598 spernentibus

187 2618 327 2682 finitimis
362 2639 473 2684 novam
508 2621 625 2694 urbem,
659 2627 753 2700 atque
785 2619 833 2680 ita
865 2619 983 2680 dimissi
1015 2619 1210 2700 aplerisque
1234 2637 1348 2692 corum,
1371 2638 1448 2700 quos

188 2720 341 2795 adierant,
375 2729 411 2784 ut
442 2720 625 2802 rogitarent
659 2720 775 2801 ecquod
807 2727 839 2780 et
861 2719 984 2781 leminis
1007 2719 1126 2802 asylum
1151 2719 1363 2799 aperuissent3
1386 2739 1449 2801 que

188 2821 387 2884 cavillatione
414 2821 587 2903 indignatio
614 2820 830 2894 nonnullarum
860 2821 996 2901 gentium
1021 2819 1191 2882 vicinarum
1215 2820 1450 2884 malevolentior

188 2923 379 3003 coarguitur:
413 2921 542 2986 alienati
570 2942 589 2983 a
616 2921 766 2984 Romanis
801 2920 935 2982 omniurn
971 2921 1093 3003 quidem
1128 2929 1218 2984 erant
1249 2921 1448 2984 finitimorum

188 3023 294 3098 enimi,
316 3024 380 3086 ista
401 3031 505 3086 autem
529 3023 677 3105 iniqnitas
700 3022 783 3084 haud
806 3041 876 3084 raro
898 3023 929 3084 in
946 3024 1108 3086 verborum
1128 3023 1333 3085 contumelias
1351 3023 1451 3085 effun-

188 3125 332 3187 debatur.
374 3124 552 3206 Aptissima
584 3131 689 3186 autem
722 3131 770 3185 est
798 3124 953 3203 particula
975 3123 1154 3204 copulativa
1176 3122 1228 3186 ubi
1251 3123 1451 3205 subsequitur

189 3225 356 3306 explicatio
379 3233 474 3307 etque
497 3223 619 3288 uberior
642 3223 794 3304 expositio
817 3225 927 3304 prioris
950 3223 1135 3288 sententiae.
1181 3225 1230 3288 of.
1252 3225 1321 3287 Liv.
1345 3227 1396 3300 22,
1419 3224 1450 3299 6,

191 3327 239 3388 12.
263 3327 354 3389 Caes.
377 3320 407 3401 7,
429 3326 480 3400 60,
502 3324 532 3388 6.
555 3324 633 3388 Sall.
656 3325 721 3406 lug.
745 3323 797 3397 92,
818 3325 848 3386 4.

273 3426 303 3501 9,
325 3426 346 3490 6
375 3425 546 3491 Consualia
572 3436 671 3490 uocat.
716 3426 786 3488 Non
815 3425 913 3487 solum
942 3425 981 3486 ob
1005 3445 1072 3488 eam
1098 3445 1236 3501 causam,
1258 3427 1338 3509 quod
1363 3426 1394 3488 iu
1416 3427 1450 3489 M

190 3529 279 3590 deest
299 3528 376 3591 illud
399 3529 527 3591 verbum
550 3527 692 3602 vocandi,
714 3527 768 3588 sed
792 3526 886 3588 etiam
911 3526 1055 3606 quoniam
1079 3527 1228 3590 Vaticani
1241 3546 1295 3608 pro
1309 3547 1343 3589 eo
1358 3537 1451 3590 recent

189 3629 317 3704 babent,
351 3631 431 3710 quod
459 3629 587 3692 verbum
617 3628 745 3692 lacunas
767 3626 859 3708 vulgo
882 3627 1059 3707 significans
1082 3628 1173 3690 facile
1195 3629 1227 3691 in
1249 3638 1339 3691 vocat
1361 3627 1450 3702 abiit,

189 3731 247 3793 hoc
275 3730 377 3810 ipsum
407 3737 586 3811 suspectum
610 3729 654 3790 lit.
699 3729 726 3790 Ε
749 3748 805 3790 suo
828 3747 911 3789 more
933 3728 1032 3810 magis
1055 3729 1189 3792 scribere
1212 3730 1320 3792 debuit
1342 3729 1451 3792 Livius

192 3829 363 3896 Consualia
385 3828 555 3916 appellata,
579 3831 618 3892 el.
641 3827 692 3904 29,
716 3829 765 3903 14,
790 3829 837 3890 14.
862 3827 912 3901 36,
936 3828 986 3902 36,
1008 3829 1038 3892 4.
1082 3830 1286 3894 Protulerunt
1308 3831 1452 3910 exempla

191 3933 365 3996 Gronovius
398 3939 432 3994 et
463 3930 697 4005 Drakenborch,
730 3930 761 3992 in
791 3929 903 4011 quibus
932 3929 1111 4009 appellandi
1140 3951 1202 3993 vox
1224 3939 1294 3994 tota
1315 3932 1451 4006 abesset,

193 4035 247 4098 sed
276 4034 368 4096 huius
396 4052 506 4114 parum
535 4031 650 4094 similia
678 4050 716 4093 ea
737 4039 820 4092 sunt.
864 4030 950 4092 Nihil
974 4032 1012 4092 de
1033 4031 1093 4094 hac
1115 4052 1147 4095 re
1169 4051 1225 4113 pro
1249 4040 1333 4095 certo
1355 4031 1453 4095 statui

191 4155 281 4217 posse
303 4135 437 4198 videtur.

274 4234 305 4310 9,
327 4231 347 4298 'l
375 4233 589 4299 concelebrant
615 4269 656 4281 -
672 4231 818 4321 facerent
840 4231 871 4294 iu
894 4233 1154 4296 concelebrat-
1177 4235 1295 4297 faceret
1317 4233 1454 4297 mutavit

190 4338 329 4418 Madvig,
353 4343 385 4400 et
406 4334 695 4400 Weissenbornium
718 4335 756 4396 de
779 4333 918 4396 subiecto
942 4335 1105 4397 verborum
1123 4335 1375 4415 praecedentium
1396 4338 1453 4398 ad·

192 4447 367 4502 mouentem
400 4438 564 4501 insimulat
594 4435 626 4498 id
661 4436 773 4510 lacere,
802 4443 856 4496 »ut
878 4435 996 4517 aliquid
1019 4445 1127 4499 contra
1149 4438 1251 4499 dicatu
1275 4437 1360 4520 (Em.
1384 4437 1452 4498 Liv.

192 4542 240 4604 ed·
263 4543 293 4602 2.
316 4558 346 4620 p.
369 4539 411 4602 48
432 4561 461 4602 n.
489 4536 530 4622 l).
574 4538 707 4600 Terreat
739 4535 827 4609 talia,
860 4538 915 4599 sed
948 4539 1029 4618 quod
1059 4557 1164 4600 verum
1187 4538 1331 4600 videatur
1353 4537 1454 4599 celare

192 4662 253 4706 non
284 4648 416 4720 oportet.
460 4641 564 4702 »Haec
591 4645 750 4719 postrema
771 4638 894 4712 verba»,
915 4639 1027 4720 inquit,
1049 4659 1166 4720 »neque
1190 4640 1227 4701 de
1249 4639 1382 4702 Romulo
1404 4637 1454 4700 iu-

192 4741 298 4823 tellegi
321 4749 452 4822 possunt
473 4740 589 4824 (neque
612 4737 693 4802 enim
716 4745 772 4800 aut
794 4737 852 4800 hoc
874 4747 930 4802 ant
953 4740 1120 4821 quidquam
1144 4740 1228 4802 aliud
1246 4739 1300 4804 illo
1314 4747 1454 4820 tempore

192 4843 298 4928 populi
321 4842 457 4908 consiliis
480 4851 512 4908 et
534 4840 667 4906 decretis
690 4846 794 4903 actum
818 4839 926 4908 Livius
949 4839 1104 4923 signifieat
1126 4849 1183 4906 eut
1203 4860 1335 4928 usquam
1352 4841 1398 4908 sic
1415 4841 1454 4906 ad
