3584 5632
349 655 366 710 4
636 652 837 724 Epilegomena
859 651 895 706 ad
917 651 949 706 T.
974 652 1048 707 Livii
1070 651 1174 706 librum
1197 650 1327 720 primum.

347 826 520 907 scripturae
553 832 648 906 atque
678 824 876 904 interpretes,
905 822 959 886 alii
986 823 1119 906 denique
1140 823 1173 886 in
1195 822 1317 889 duabus
1339 821 1401 884 illis
1424 821 1606 885 cultioribus

348 927 461 992 Italiae
483 925 669 1007 regionibus,
692 925 744 1006 qui
767 944 840 986 snas
863 925 1027 1005 utrobique
1049 931 1262 1005 propagarunt
1283 923 1513 986 vicissitudines
1536 941 1607 986 uer-

348 1029 457 1092 borum
485 1035 517 1091 et
544 1025 747 1106 locutionum,
773 1045 810 1088 ac
831 1045 901 1088 raro
923 1025 962 1087 iis
984 1025 1091 1108 utique
1113 1025 1305 1105 temporibus
1328 1025 1445 1086 factum
1469 1043 1536 1086 esse
1559 1023 1607 1084 vi-

348 1130 450 1204 detur,
473 1135 509 1192 ut
531 1126 651 1209 antiqui
673 1126 719 1188 illi
741 1126 822 1201 cdd,
846 1125 898 1207 qui
920 1126 1059 1207 plerique
1081 1146 1162 1188 saec.
1185 1125 1228 1188 Χ.
1250 1125 1301 1188 rel
1318 1125 1378 1187 XI.
1397 1125 1506 1206 scripti
1523 1131 1607 1198 sunt,

348 1230 410 1294 alio
433 1229 691 1310 transmigrarent
714 1235 809 1309 atque
831 1228 1098 1307 permiscerentur.
1142 1226 1321 1290 Mobiliores
1344 1228 1471 1289 luerunt
1489 1233 1520 1288 et
1539 1245 1607 1290 mu-

349 1330 519 1402 tabiliores,
541 1331 593 1412 qni
616 1349 654 1391 ex
676 1329 808 1391 saeculis
830 1329 922 1410 vulgo
944 1329 1035 1390 XIV.
1055 1335 1087 1390 et
1102 1328 1178 1390 XV.
1195 1329 1317 1390 abunde
1335 1335 1478 1403 exstent;
1501 1334 1606 1390 tamen

348 1433 380 1496 in
408 1431 572 1513 permultis
600 1429 894 1493 commutationibus
923 1429 1087 1492 lectionum
1117 1429 1342 1509 praevalentia,
1371 1436 1406 1490 ut
1426 1428 1475 1490 itu
1496 1428 1608 1501 dicam,

350 1533 541 1596 lineamenta
566 1531 805 1612 uniuscuiusque
833 1531 1014 1612 plerumque
1042 1531 1278 1612 dignoscuntur;
1301 1531 1381 1612 quod
1406 1529 1499 1592 etiam
1523 1528 1610 1592 valet

350 1634 381 1697 iu
411 1653 502 1697 unam
527 1633 575 1696 vel
599 1633 730 1697 alteram
755 1651 879 1694 manum
903 1633 1081 1706 secundam,
1105 1632 1154 1694 vel
1177 1630 1266 1712 quasi
1289 1631 1423 1694 codicem
1446 1630 1538 1692 alteri
1560 1630 1610 1692 in-

350 1734 456 1798 situm.
499 1735 548 1798 Ea
578 1753 650 1796 vero
681 1732 799 1795 auxilia
827 1740 892 1794 tum
923 1734 1044 1795 demum
1075 1732 1160 1795 adire
1183 1751 1336 1814 cogemur,
1358 1732 1385 1794 si
1408 1733 1447 1794 ab
1471 1729 1609 1812 antiqui-

350 1836 456 1899 oribus
479 1835 565 1898 libris
588 1833 820 1916 potioribusque
843 1833 987 1896 destituti
1010 1834 1134 1896 erimus.

435 1935 493 1999 His
524 1935 714 2016 praemissis,
747 1941 783 1996 ut
816 1933 853 1998 de
887 1934 1024 1996 codicum
1058 1934 1222 2016 generibus
1255 1941 1288 1996 et
1315 1932 1460 1998 classium
1488 1931 1610 1995 ratione

352 2038 480 2102 cuilibet
502 2037 591 2119 copia
612 2036 654 2098 sit
675 2035 843 2109 iudicandi,
866 2033 1054 2115 percensebo
1077 2055 1129 2098 eos
1152 2035 1234 2098 locos
1256 2035 1327 2098 libri
1349 2035 1450 2114 primi,
1468 2054 1484 2096 e
1499 2033 1610 2115 quibus

351 2138 484 2220 intelligi
519 2138 628 2219 possit,
658 2136 706 2198 vel
729 2137 841 2220 quibus
863 2135 1032 2199 virtutibus
1055 2136 1190 2218 praediti
1212 2135 1276 2199 siut
1298 2135 1410 2217 singuli
1433 2135 1503 2198 libri
1526 2153 1611 2208 msa,

299 2261 307 2278 ²
352 2240 402 2303 vel
425 2239 536 2321 quibus
558 2237 643 2302 vitiis
666 2237 818 2301 laborent
862 2236 1001 2301 Classem
1025 2237 1288 2318 transalpiuorum
1310 2237 1425 2300 ducent
1438 2236 1502 2312 FP,
1517 2235 1611 2298 cisal-

352 2341 494 2423 pinorum
527 2339 699 2420 vulgarium
733 2339 803 2413 RD,
837 2357 897 2402 non
931 2357 990 2420 quo
1019 2347 1052 2402 et
1079 2338 1133 2402 alii
1160 2338 1228 2420 pari
1250 2338 1314 2402 sint
1335 2338 1500 2420 dignitate,
1522 2343 1558 2400 ut
1578 2335 1610 2398 iu

352 2442 410 2506 illa
429 2441 669 2523 Bambergeusis
691 2441 760 2523 (qni
783 2439 921 2520 proxime
941 2440 1062 2504 accedit
1075 2441 1115 2503 ad
1130 2439 1364 2503 similitudinem
1378 2435 1612 2522 Floriacensis),

351 2545 383 2608 in
407 2545 468 2606 bac
489 2542 651 2606 Leideusis
675 2541 764 2626 (olim
789 2541 1008 2616 Ohifletianus,
1034 2549 1145 2622 postea
1167 2541 1299 2604 Focaltii
1322 2540 1534 2625 Parisiensis),
1557 2540 1611 2605 sed

353 2645 410 2708 hos
443 2665 503 2708 non
538 2663 577 2706 ex
610 2643 753 2706 omnibus
788 2642 931 2723 partibus
965 2643 1102 2725 cognovi.
1146 2643 1176 2706 U
1204 2649 1310 2706 autem
1338 2650 1369 2705 et
1395 2643 1426 2706 N
1447 2640 1612 2706 instabiles

354 2753 437 2822 suut,
460 2747 553 2828 idque
575 2745 670 2808 etiam
694 2744 793 2826 magis
816 2743 869 2806 alii
891 2743 1051 2826 utriusque
1074 2743 1204 2826 generis.

438 2848 556 2928 Magna
586 2845 727 2928 quaestio
755 2853 803 2908 est
831 2845 869 2908 de
891 2845 936 2919 M,
959 2865 1031 2908 num
1055 2847 1093 2908 de
1115 2845 1174 2908 hoc
1194 2863 1267 2908 vere
1289 2865 1326 2908 ac
1347 2852 1432 2908 recte
1453 2844 1613 2908 iudicave-

355 2949 419 3012 rint
440 2947 631 3021 Alschefski,
653 2947 761 3020 Hertz,
784 2945 922 3026 Madvig,
945 2946 1007 3008 alii.
1050 2946 1088 3009 Id
1111 2946 1253 3010 examine
1276 2948 1401 3010 demum
1419 2945 1613 3027 diligentiore

354 3050 499 3112 instituto
520 3046 653 3129 intelligi
674 3047 806 3127 poterit3
827 3047 934 3128 itaque
957 3048 997 3110 ad
1020 3067 1087 3110 eam
1110 3067 1174 3111 rem
1198 3047 1329 3128 primam
1351 3047 1486 3110 omnium
1503 3065 1614 3130 aggre-

356 3150 487 3224 diamur,
517 3157 552 3211 ut
578 3147 723 3229 deinceps
752 3148 886 3230 reliquos
915 3167 1146 3230 persequamur.
1188 3149 1246 3222 De,
1265 3148 1330 3210 solo
1356 3148 1434 3212 libro
1462 3148 1561 3230 primo
1582 3147 1614 3210 in

355 3270 503 3332 praesens
532 3250 645 3331 agitur,
675 3249 761 3312 cuius
788 3268 931 3311 numeros
960 3250 1097 3330 capitum
1121 3257 1153 3314 et
1175 3249 1437 3331 paragraphorum
1461 3249 1614 3312 indicabo.

356 3352 483 3415 Initium
505 3351 568 3413 iam
591 3350 710 3412 hatab
733 3349 771 3412 iis
794 3349 944 3429 exemplis
967 3351 1195 3426 enumerandis,
1218 3370 1297 3433 quae
1319 3351 1359 3414 ab
1382 3351 1523 3414 omuibus
1541 3351 1614 3423 iere,

356 3461 392 3516 ut
414 3452 532 3534 opinor,
555 3452 779 3532 probabuntur.

440 3552 499 3615 His
534 3552 630 3634 igitur
662 3552 737 3614 locis
771 3571 862 3614 veras
895 3551 1079 3632 scriptiones
1112 3552 1243 3616 retinuit
1272 3553 1306 3616 M
1327 3552 1378 3616 vel
1400 3553 1484 3616 solus
1506 3573 1545 3614 ex
1567 3551 1615 3624 iis,

357 3673 434 3735 quos
456 3653 547 3716 hodie
571 3653 656 3715 adire
679 3653 762 3726 licet,
784 3653 834 3715 vel
856 3671 919 3714 nna
941 3672 1008 3716 cunr
1033 3652 1139 3716 mixtis
1162 3653 1222 3718 sibi
1245 3653 1384 3736 cognatis
1405 3654 1449 3739 (B
1471 3653 1565 3719 Laur.
1585 3654 1615 3714 3.

357 3755 453 3836 Magl.
488 3755 536 3816 ed.
564 3754 612 3834 2.)
642 3755 809 3816 accedente
837 3773 1066 3836 nonnumquam
1095 3773 1110 3816 r
1138 3754 1186 3816 vel
1214 3757 1244 3830 d,
1273 3762 1329 3817 aut
1357 3775 1417 3818 uuo
1445 3755 1494 3818 vel
1518 3755 1616 3818 altero

359 3863 530 3918 ceterorum
560 3854 742 3918 mixtorum:
778 3855 805 3928 l,
826 3853 848 3916 8
870 3856 960 3918 domo
982 3857 1128 3937 profugos
1151 3855 1226 3938 (non
1250 3864 1282 3917 et
1303 3858 1393 3920 domo
1417 3856 1522 3941 prot),
1544 3856 1575 3930 o,
1597 3853 1617 3917 6

359 3965 391 4020 et
424 3963 573 4030 aetatem,
603 3949 632 4029 7,
658 3956 696 4016 12
722 3955 849 4017 Herculi
878 3955 1027 4018 adhibitis
1056 3957 1096 4018 ad
1119 3956 1323 4020 ministerium
1346 3959 1520 4038 dapemque
1541 3956 1617 4041 (om.

358 4055 496 4140 reliqui),
531 4057 580 4131 13,
607 4056 628 4120 4
656 4062 761 4118 movet
788 4075 847 4131 res,
873 4055 921 4131 16,
943 4055 964 4119 6
985 4057 1234 4132 venerabundus,
1256 4059 1307 4133 30,
1333 4059 1346 4120 l
1371 4057 1475 4140 ibique
1498 4057 1618 4132 deinde,

359 4159 410 4233 32,
439 4151 459 4219 7
488 4156 562 4219 mihi
590 4157 667 4241 (non
696 4155 768 4237 pop.
796 4175 871 4220 rom.
900 4157 1003 4242 mihi),
1031 4159 1082 4232 32,
1107 4158 1140 4220 ll
1167 4157 1269 4240 iuquit
1291 4158 1330 4232 ei,
1351 4159 1403 4233 33,
1425 4159 1445 4224 2
1467 4165 1618 4232 veterum,

359 4255 410 4333 36,
431 4258 453 4322 4
476 4259 675 4339 eludensque,
706 4256 757 4331 36,
780 4252 799 4319 7
823 4257 906 4320 mille
929 4265 961 4320 et
983 4258 1154 4340 octingenti
1176 4259 1308 4342 equites,
1334 4259 1386 4334 45,
1408 4261 1428 4322 2
1452 4277 1521 4322 eum
1545 4279 1619 4322 con·

358 4379 495 4433 sensum,
522 4357 574 4434 46,
597 4353 616 4421 7
639 4365 732 4432 esset,
760 4353 812 4434 47,
837 4359 875 4420 12
898 4360 977 4422 unde
1002 4360 1063 4434 ubi,
1091 4358 1143 4434 50,
1165 4358 1184 4422 5
1207 4360 1330 4436 debere,
1351 4359 1402 4433 63,
1425 4359 1446 4423 6
1468 4381 1505 4423 ue
1528 4379 1617 4442 quem

359 4461 514 4534 heredem,
537 4458 589 4534 60,
611 4459 631 4520 3
653 4479 750 4522 aunos
774 4460 908 4546 quinque
931 4467 963 4520 et
984 4459 1062 4522 XX.

443 4561 544 4623 Multo
566 4567 672 4624 tamen
696 4561 800 4641 plures
823 4559 881 4622 loci
902 4568 986 4634 sunt,
1010 4559 1131 4642 quibus,
1154 4569 1190 4624 ut
1206 4560 1341 4624 omniurn
1357 4561 1421 4624 iere
1433 4562 1496 4624 ient
1507 4560 1620 4643 opinio,

359 4663 393 4723 Μ
416 4663 463 4725 vel
487 4661 572 4724 solus
594 4662 643 4724 vel
667 4680 729 4723 uua
753 4679 820 4722 cum
844 4660 952 4740 paucis
975 4660 1039 4723 suis
1062 4668 1095 4723 et
1116 4657 1321 4725 deterioribus
1343 4681 1365 4725 a
1384 4671 1469 4726 recto
1492 4663 1621 4726 aberra·

360 4763 421 4826 vit:
443 4763 548 4825 Praef.
570 4762 591 4823 3
612 4762 644 4828 in
667 4762 796 4824 obscuro
820 4769 877 4832 est,
899 4759 919 4823 6
941 4762 1098 4836 decorata,
1123 4763 1162 4824 10
1183 4762 1340 4845 inceptum
1365 4764 1468 4826 fedum
1492 4763 1621 4837 exitum,

362 4863 391 4936 l,
419 4863 439 4927 6
462 4861 536 4925 atil
558 4861 611 4924 ubi
633 4861 705 4946 (pro
728 4859 798 4946 ibi),
828 4862 855 4935 l,
877 4861 898 4924 8
920 4861 1016 4936 urbis,
1038 4863 1069 4938 3,
1091 4856 1111 4924 7
1134 4862 1175 4924 eli
1199 4861 1337 4926 coloniae
1360 4863 1474 4947 aliquo,
1495 4865 1526 4938 4,
1548 4862 1568 4925 9
1590 4863 1622 4926 iu
