3574 5632
358 647 559 721 lipilegomena
581 649 617 704 ed
640 647 672 704 T.
697 647 767 704 bivii
791 648 891 704 librum
917 647 1075 704 domium
1098 649 1228 720 primum.
1386 647 1423 704 81

252 817 304 893 44,
327 812 347 878 7
370 833 399 886 et
421 823 494 886 inde
515 825 544 886 si
566 844 691 898 cesamo,
726 843 785 905 quo
819 823 885 886 loco
918 823 1118 904 eisequenta
1141 843 1260 885 caraem
1282 823 1321 885 ob
1343 822 1428 885 vocis

159 919 402 986 similitudinem
428 925 550 988 facilius
575 926 701 1000 excidit,
723 924 948 987 restituendum
973 924 1047 986 mihi
1062 924 1160 986 meum
1175 932 1234 998 est,
1257 943 1317 1006 quc
1331 925 1425 986 etiarn

163 1024 350 1086 adverbium
374 1026 448 1088 inde
470 1027 723 1106 pronuntiatione
746 1027 880 1088 iuvatur.
925 1023 1016 1096 Quod
1046 1026 1190 1106 probarit
1213 1025 1303 1088 st.
1327 1027 1374 1086 ed.
1397 1024 1427 1087 6.

163 1133 196 1184 et
229 1123 303 1186 inde
336 1147 453 1190 cessero
481 1127 535 1190 ΡΟ
559 1127 650 1190 Cant.
673 1127 771 1189 Dralr.
795 1126 885 1189 st.
909 1127 957 1188 ed.
983 1126 1009 1187 l.
1032 1126 1138 1200 Fabri,
1161 1126 1209 1188 cui
1233 1126 1282 1188 hic
1304 1125 1427 1189 dicendi

166 1227 279 1288 modus
312 1235 345 1288 et
379 1229 501 1308 gravior
524 1236 556 1290 et
579 1229 677 1309 magis
700 1229 852 1290 oratorius
876 1227 1009 1300 videtur,
1032 1246 1122 1307 quam
1147 1227 1173 1288 si
1197 1228 1332 1289 addatur
1354 1246 1428 1288 con-

165 1326 294 1389 iunctio.
318 1338 346 1390 et
367 1330 397 1390 ei
418 1329 492 1392 iude
514 1350 631 1392 cessero
654 1330 727 1392 Ald.
751 1330 843 1396 Frcb.
866 1328 958 1390 Grut.
983 1327 1078 1390 Gron.
1102 1329 1186 1408 Mvg.
1210 1329 1239 1389 ai
1260 1327 1334 1390 inde
1361 1348 1427 1389 cee-

167 1445 237 1489 aero
261 1429 288 1489 l.
311 1429 340 1490 3.
364 1429 438 1492 Asc.
463 1431 545 1511 Mag.
568 1467 609 1476 -

252 1529 299 1590 Ib.
321 1530 552 1594 vindicaremus
585 1553 601 1594 e
632 1532 809 1594 coniectura
839 1529 987 1592 Gronovii
1011 1530 1100 1592 Crev.
1123 1529 1221 1591 Drak.
1244 1531 1318 1597 Bkr.
1341 1533 1425 1612 Mvg.

165 1627 400 1693 vindicaremus
428 1631 517 1695 PCM
548 1632 640 1695 Cant.
664 1633 732 1694 Als.
754 1631 845 1694 st.
870 1632 917 1693 ed.
943 1631 969 1692 l.
992 1633 1051 1694 ΗΖ.
1075 1631 1158 1692 Hrw.
1182 1631 1256 1694 Wfl.
1279 1631 1425 1694 vindicu-

166 1731 304 1794 vcrimua
328 1733 355 1794 l.
379 1733 408 1794 3.
432 1733 513 1814 Meg.
537 1733 611 1796 Ald.
635 1733 709 1796 Sub.
732 1733 824 1798 Frob.
848 1730 940 1794 Grut.
964 1731 1000 1794 Si
1022 1729 1103 1792 nibil
1125 1730 1426 1796 nobicrelictumect

168 1829 262 1894 „nihil
286 1834 375 1896 nobis
398 1853 575 1896 conoessum
600 1843 665 1896 estc
687 1833 884 1914 intelligitur,
907 1840 990 1894 recte
1014 1832 1136 1914 quidem
1161 1852 1194 1894 se
1211 1833 1427 1897 habetvindi-

169 1953 322 2008 curemur,
345 1935 392 1996 sin
415 1935 462 1996 itu
484 1935 636 2014 accipitur
658 1943 693 1996 ut
716 1934 809 1996 »nihil
833 1933 921 1996 nobis
944 1933 1169 2016 nelinqueturu,
1204 1934 1298 1996 »nihil
1328 1935 1427 1996 babe-

168 2032 298 2108 bimus»,
320 2036 512 2116 probandum
537 2035 775 2108 uindicarimua,
800 2043 834 2096 ut
857 2034 948 2096 facile
971 2035 1001 2096 in
1026 2035 1157 2096 alterum
1172 2042 1337 2098 mutatum.
1361 2037 1426 2097 Ta-

170 2153 239 2196 ruen
264 2136 399 2198 codicum
424 2137 589 2218 scriptura,
612 2137 670 2198 nisi
693 2136 745 2198 ubi
769 2135 957 2209 necassent,
981 2154 1039 2197 non
1054 2135 1258 2216 relinquetur.
1282 2136 1427 2198 Ceterum

171 2236 210 2296 de
233 2236 338 2299 futuro
360 2245 499 2316 tempore
522 2244 597 2300 tunc
621 2237 703 2318 loqui
727 2256 793 2298 curu
819 2243 905 2298 statu
928 2235 1115 2298 Hannibalis
1139 2237 1239 2299 minus
1266 2238 1429 2300 convenie-

170 2336 243 2399 bat:
277 2337 399 2418 qualern
434 2338 641 2400 condicionem
671 2336 983 2418 Carthaginiensibus
1011 2337 1192 2416 paraverint
1212 2339 1357 2411 Rorrram,
1379 2339 1429 2400 in-

172 2437 391 2518 dignabundus
415 2447 643 2502 commemorat.

256 2537 308 2613 44,
330 2538 350 2601 8
371 2540 537 2602 victorium
559 2549 723 2602 mortemue
746 2537 834 2622 quasi
857 2557 912 2617 pro
935 2539 1022 2619 signo
1045 2536 1160 2601 habere
1191 2558 1243 2601 eos
1272 2548 1413 2620 oportere
1420 2559 1430 2616 ;

171 2639 312 2720 sequitur
335 2640 414 2703 enim
437 2640 671 2720 interpretatio:
705 2647 761 2702 aut
793 2639 914 2702 vincere
943 2646 999 2702 aut
1027 2639 1058 2700 in
1081 2640 1196 2720 proelio
1220 2649 1349 2702 mortem
1372 2660 1430 2722 op-

172 2748 293 2820 petere;
326 2741 408 2803 inter
440 2743 518 2804 duas
549 2761 598 2803 res
632 2742 782 2813 diversae,
816 2740 966 2822 equibus
989 2749 1045 2802 aut
1067 2759 1135 2802 eam
1160 2761 1238 2822 quae
1262 2750 1353 2821 grata
1375 2749 1430 2804 aut

172 2860 252 2922 quae
284 2841 409 2923 ingrata
442 2850 525 2904 esset
553 2843 664 2924 eligere
688 2842 804 2915 liceret,
828 2841 1074 2921 desperationem
1099 2842 1191 2903 sitam
1215 2862 1292 2904 esse.
1337 2842 1430 2916 Sunt,

173 2943 224 3024 qui
247 2953 411 3006 mortemue
433 2942 464 3006 iu
487 2953 675 3027 mortemque
697 2950 818 3004 mutare
841 2942 948 3004 velint.

256 3043 308 3117 44,
330 3042 470 3130 9ficum
493 3043 635 3107 omnibus
657 3044 692 3104 in
714 3043 819 3106 animo
842 3045 916 3124 Mvg
939 3043 1162 3122 (adeatinutum
1193 3045 1364 3108 tollendum
1395 3052 1430 3106 ut

174 3144 401 3225 interpretandi
425 3165 520 3208 causa
542 3143 742 3227 adiectumu).
758 3144 863 3232 finum
886 3143 1030 3207 omnibus
1051 3145 1240 3208 destinatum
1262 3146 1297 3207 in
1325 3146 1431 3208 auimo

174 3245 262 3308 PCM
285 3246 353 3318 Ale.
377 3246 468 3308 st.
491 3248 539 3308 ad.
565 3248 592 3309 l.
615 3247 734 3308 Teubn.
751 3245 857 3333 finum
880 3267 961 3311 omn.
985 3245 1235 3330 destinatumque
1262 3247 1297 3308 in
1326 3247 1431 3309 animo

175 3346 262 3409 Cur.
286 3349 315 3408 2.
341 3349 368 3410 l.
391 3347 420 3408 3.
444 3348 526 3428 Mog.
549 3346 624 3409 Ald.
648 3347 740 3408 Frob.
765 3346 858 3410 Grut.
883 3346 978 3408 Gron.
1002 3347 1099 3408 Drak.
1112 3347 1186 3408 Bkr.
1200 3347 1320 3410 Stroth.
1326 3346 1432 3434 smum

174 3468 265 3522 omn,
298 3449 327 3510 ei
359 3446 548 3510 destinatum
581 3448 615 3510 in
648 3448 754 3510 animo
787 3467 803 3509 e
837 3447 1015 3510 coniectura
1049 3447 1182 3528 Sauppii
1210 3448 1301 3510 st.
1331 3449 1430 3511 cdl.

172 3549 308 3612 Weidru.
324 3547 429 3636 picum
451 3569 543 3622 omn,
565 3549 594 3612 ai
615 3549 804 3611 declinatum
827 3548 933 3610 animo
956 3548 1031 3612 Wfl.
1054 3548 1145 3610 st.
1168 3549 1216 3611 ed.
1232 3548 1261 3612 6.
1285 3549 1382 3612 Tollit
1396 3548 1430 3612 in

174 3649 260 3724 Wfl,
283 3651 334 3731 qui
356 3651 452 3712 allert
474 3645 525 3724 27,
546 3645 598 3724 47,
620 3648 640 3712 9
662 3649 829 3714 destinatis
852 3649 954 3712 animo
984 3649 1124 3722 latebris,
1158 3651 1378 3732 coutenditque
1400 3650 1431 3725 6,

172 3751 202 3825 6,
225 3746 245 3813 'i
267 3751 388 3834 sibique
409 3751 598 3814 destinatum
620 3751 726 3812 animo
748 3771 811 3813 eece
832 3771 849 3812 e
872 3751 937 3812 cod.
961 3751 1076 3812 Veron.
1100 3750 1223 3812 restitui
1236 3752 1358 3814 debere.
1382 3751 1429 3815 At

173 3852 204 3914 in
224 3853 339 3914 Veron.
362 3873 421 3914 uon
445 3854 534 3914 deest
555 3853 599 3927 in,
622 3853 675 3914 sed
699 3852 735 3913 id
756 3852 917 3932 legendum
947 3851 1079 3924 videtur,
1114 3859 1208 3932 atque
1230 3852 1261 3914 in
1285 3854 1427 3915 erunibus

175 3955 253 4026 cdd,
277 3972 354 4034 quos
375 3953 449 4026 vidi,
472 3952 662 4016 destinatum
684 3953 719 4015 in
741 3953 847 4014 animo
870 3959 986 4025 exstat,
1024 3971 1117 4033 quare
1140 3952 1167 4014 ia
1190 3953 1275 4016 locus
1298 3953 1427 4016 multum

174 4054 320 4116 valetud
343 4055 559 4127 intuendum,
582 4053 705 4116 etiamsi
727 4054 884 4116 declinare
906 4053 1023 4115 animia
1045 4053 1167 4134 legatur
1188 4051 1352 4129 9‚16,19;
1376 4053 1427 4128 28,

176 4155 227 4228 24,
250 4155 284 4229 3;
318 4155 368 4228 33,
390 4154 443 4230 28,
464 4154 494 4216 5.
538 4155 602 4217 Sed
636 4163 707 4234 post
740 4154 813 4217 bene
837 4154 943 4241 finum
970 4154 1063 4234 plane
1091 4173 1354 4232 supervacaneum
1379 4163 1429 4218 est

176 4255 365 4317 declinatum
398 4275 453 4318 nec
481 4255 618 4317 infarciri
652 4263 756 4336 potest
789 4256 847 4317 nisi
876 4255 982 4335 aliqua
1005 4254 1218 4318 coniunctione
1241 4257 1280 4316 ad
1305 4255 1425 4318 libitum

176 4357 285 4418 addita
306 4355 449 4440 (fuerunt
471 4375 602 4438 quoque,
626 4357 754 4437 quinae
777 4357 985 4418 destinatum»
1008 4355 1150 4434 vellent).
1196 4356 1320 4419 Certius
1333 4356 1429 4438 igitur

176 4476 230 4536 pro
254 4457 369 4537 duplici
392 4457 547 4538 scriptura
568 4457 710 4530 habetur,
747 4457 832 4519 cuius
864 4456 984 4537 generis
1006 4455 1036 4518 in
1059 4455 1117 4518 hoc
1139 4457 1217 4518 libro
1240 4465 1314 4519 sunt
1335 4457 1386 4531 25,
1409 4455 1428 4519 5

175 4559 327 4620 incertum
349 4568 421 4637 post
443 4557 584 4631 dubium,
606 4557 658 4631 28,
680 4558 700 4619 5
722 4566 847 4619 nantem
869 4565 941 4636 post
962 4555 1176 4643 refugientem.

262 4660 307 4721 lb.
332 4658 454 4721 nullum
477 4669 653 4743 contemptu
674 4660 784 4721 mortio
796 4657 891 4720 telum
903 4666 962 4720 oet.
981 4679 996 4720 e
1012 4658 1188 4720 coniectura
1201 4657 1334 4720 Strotbii
1346 4659 1431 4739 Mvg.

175 4757 296 4821 nullum
319 4771 526 4844 contemptum
549 4761 592 4822 ad
613 4760 802 4822 uincendum
824 4759 944 4823 bomini
957 4759 997 4820 ab
1015 4757 1067 4820 die
1079 4756 1311 4820 immortalibus
1322 4760 1429 4821 cemus

176 4861 362 4930 detumeat
394 4862 482 4924 PCM
511 4865 711 4939 (contemtum
734 4861 770 4936 Ο,
794 4860 859 4923 diis
881 4860 922 4942 C)
944 4860 1019 4922 Bkr.
1048 4857 1169 4921 nullum
1192 4869 1366 4945 contemptu
1389 4861 1432 4922 ad
