3584 5632
464 641 665 712 llpilsgomena
685 641 722 697 ad
744 640 776 697 Τ.
799 640 872 697 bivii
893 641 997 696 libram
1022 641 1153 709 primum.
1397 643 1436 698 65

155 813 254 877 Sob.
288 814 445 876 centuriae
472 813 617 896 peditam
650 813 850 887 uocabantur,
884 815 964 895 qnod
996 813 1161 892 postremis
1190 813 1384 894 temporibus
1406 814 1437 876 in

155 915 247 976 sola
274 915 427 995 repetitm
454 916 501 976 ed.
531 923 604 976 ster.
627 915 764 978 Tanchn.
791 913 886 989 1848;
909 914 1067 994 lugersley
1090 922 1194 976 autem
1218 922 1342 976 tantum
1367 933 1439 976 cerc-

159 1016 283 1077 tem‘ce
309 1015 501 1078 vocabantur
529 1016 666 1078 retinuit.
712 1015 773 1078 Sed
803 1016 864 1077 iam
894 1017 924 1076 iu
955 1016 1002 1076 ed.
1026 1013 1174 1078 Aldiuam
1197 1014 1277 1077 1518
1299 1015 1438 1078 codicum

158 1118 365 1196 optimorum
398 1117 552 1196 scriptura
575 1118 732 1179 centuriae
749 1117 892 1200 primam
909 1116 1055 1199 peditum
1080 1115 1271 1179 coccbcatne
1288 1116 1439 1197 inmigra-

159 1226 278 1290 verat,
302 1237 394 1298 qnam
417 1225 621 1279 servaverunt
644 1220 690 1280 ed.
714 1219 806 1279 Frob.
830 1226 863 1278 et
884 1225 1006 1279 ceterae
1029 1217 1194 1298 pleraeque
1217 1216 1333 1279 saeculi
1355 1216 1437 1278 sexti

162 1319 300 1380 decimi.
345 1319 462 1379 Tamen
492 1319 637 1398 Sigonius
665 1319 727 1380 tria
748 1319 803 1380 illa
826 1319 921 1379 verba
937 1319 1082 1401 pamm
1102 1319 1175 1401 ped.
1197 1339 1261 1380 coc.
1285 1319 1439 1398 glossema

163 1439 247 1481 esse
281 1419 438 1492 censebat,
472 1439 564 1499 quam
593 1420 632 1480 ob
661 1438 786 1481 causam
816 1437 853 1480 ea
880 1419 1037 1480 eiecerunt
1059 1417 1151 1482 Grut.
1174 1418 1270 1482 Gron.
1293 1418 1383 1481 Orev.
1407 1426 1440 1481 et

163 1520 287 1600 reliqui
323 1521 386 1582 fere
420 1539 526 1582 omnes
554 1540 651 1601 usque
680 1521 721 1581 ad
743 1518 851 1581 Alsch.
875 1526 907 1580 et
928 1519 1100 1581 Hortalum.
1144 1520 1210 1582 Iam
1235 1537 1307 1582 vero
1330 1521 1438 1584 eadem

163 1629 234 1683 aut
256 1621 427 1683 excludunt
447 1628 504 1683 aut
526 1620 612 1682 uncie
636 1621 808 1683 includunt.

261 1721 355 1795 44,3
384 1719 542 1804 Esquiliis
570 1721 748 1784 coniectura
778 1729 826 1782 est
855 1720 1015 1793 Gronovii,
1046 1739 1138 1802 qoam
1162 1721 1280 1800 recepit
1301 1721 1439 1801 Madvig.

167 1822 243 1884 Vix
270 1830 376 1884 tamen
405 1823 469 1885 ulla
492 1831 668 1896 causaest,
692 1841 745 1883 cur
767 1824 930 1884 deseratur
953 1822 1091 1884 codicum
1115 1831 1349 1903 ceterarumque
1372 1821 1439 1884 edi-

169 1923 299 1984 tionum
329 1923 485 2004 soriptura
507 1924 580 1985 inde
602 1923 748 2006 deinceps
770 1931 861 2005 anget
883 1920 1057 2006 Esquilias,
1078 1923 1099 1984 i.
1122 1942 1148 1984 e.
1172 1931 1337 2003 postquem
1360 1920 1440 1993 Qui-

171 2024 308 2086 rinalem
338 2023 588 2104 Viminolemque
611 2023 733 2086 addidit
756 2023 833 2098 urbi,
857 2043 924 2085 curn
949 2024 1009 2084 iam
1035 2023 1168 2086 Carinae
1190 2023 1349 2103 Esquiliae
1372 2020 1440 2106 (26,

174 2126 231 2197 10,
256 2125 286 2206 l)
314 2143 386 2204 pars
409 2124 494 2185 urbis
517 2133 631 2197 essent,
655 2125 799 2186 continuo
822 2125 929 2186 ordine
951 2124 1100 2186 aedificiis
1124 2133 1155 2186 et
1168 2124 1277 2186 incolis
1293 2125 1440 2187 adiacen-

174 2234 228 2287 tes
251 2234 342 2308 capet
363 2223 539 2308 Esquiliae,
562 2245 639 2307 quas
661 2233 746 2286 totas
769 2226 931 2305 amplexus
955 2233 1003 2286 est
1026 2225 1243 2286 circumdando
1262 2225 1368 2287 urbem
1383 2243 1440 2305 ag-

174 2345 250 2406 gere
278 2334 310 2388 ct
340 2326 432 2388 lossis
462 2334 494 2388 et
522 2345 618 2388 muro.
663 2325 801 2388 Primum
836 2333 940 2387 eutem
975 2345 1042 2387 eum
1073 2326 1192 2398 collem,
1222 2326 1302 2406 quod
1325 2343 1440 2406 pronus

175 2434 248 2490 erat
281 2445 439 2501 ascensus,
472 2427 531 2488 viis
565 2427 711 2489 flexuosis
745 2426 834 2488 aditu
868 2426 1036 2488 faciliorem
1071 2427 1189 2488 fecerat
1221 2446 1276 2488 rex
1309 2426 1439 2490 Tullius.

176 2528 293 2590 Festus
320 2547 345 2589 s.
368 2547 397 2588 v.
421 2526 536 2590 Orbius
558 2548 589 2607 p.
616 2527 685 2589 182.
734 2527 770 2590 Si
803 2528 935 2609 deniqne
969 2528 1061 2589 aliter
1094 2535 1255 2606 acceptum
1290 2526 1440 2590 voluisset

175 2628 296 2703 Livius,
321 2636 414 2709 auget
438 2630 566 2690 urbem
589 2628 739 2709 Esquiliis
762 2629 948 2709 scripturum
972 2628 1068 2690 fuisse
1092 2627 1237 2690 credibile
1261 2636 1318 2690 est.

262 2729 313 2803 45,
336 2727 356 2790 6
384 2727 591 2813 Sabinusque,
621 2729 652 2790 in
675 2749 839 2810 progressu
862 2728 1011 2791 orationis
1034 2731 1073 2791 ad
1097 2728 1225 2810 aliquid,
1248 2729 1328 2812 quod
1351 2729 1440 2810 sequi

177 2830 316 2893 debebat
338 2849 377 2891 ex
398 2829 447 2904 iis,
471 2849 549 2911 quae
573 2830 611 2892 de
634 2830 772 2910 prodigio
795 2837 827 2892 et
849 2829 1072 2892 vaticinatione
1095 2830 1180 2892 dicta
1202 2837 1301 2892 erant.
1338 2828 1438 2902 Quem

177 2950 292 2994 nexum
316 2931 541 2994 sententiarum
565 2932 710 3011 perdunt,
732 2931 784 3012 qui
807 2930 991 3010 particulam
1015 2930 1101 2993 illam
1124 2931 1332 3010 copulativam
1354 2929 1440 2994 eiici-

176 3041 244 3094 nnt.
289 3032 372 3094 »Nec
404 3039 498 3094 vacat
530 3031 685 3112 particulo
718 3030 797 3106 Quo,
826 3051 885 3094 non
910 3032 1008 3093 solum
1032 3039 1217 3094 connectens
1239 3032 1438 3106 seutentiam,

177 3132 382 3196 verumetiam
405 3134 444 3194 ad
468 3132 697 3194 vehementiam
721 3132 858 3195 eiusdem
882 3133 1025 3194 iaciens».
1058 3132 1238 3195 Rhenanus.

261 3231 313 3307 46,
336 3226 355 3294 7
384 3255 455 3296 cnm
482 3233 603 3317 impari
631 3233 730 3316 inopi,
753 3235 774 3294 i.
797 3254 823 3295 e.
847 3253 914 3294 cum
937 3232 1049 3312 impari
1072 3233 1102 3294 in
1127 3233 1266 3313 coniugio
1289 3253 1367 3306 esse,
1390 3233 1439 3295 vi-

179 3354 251 3397 vere
284 3334 360 3415 cogi.
404 3334 534 3396 Rectius
563 3334 731 3396 Arruntem
763 3334 911 3396 caelibem
936 3335 1073 3396 futurum
1098 3334 1203 3408 fuisse,
1226 3353 1319 3414 quam
1342 3334 1438 3396 talem

178 3445 294 3498 sortem
318 3435 439 3498 Tulliae
462 3435 570 3498 minori
594 3455 715 3516 parare,
738 3443 773 3497 ut
795 3435 1073 3515 elanguescendum
1098 3435 1201 3496 aliena
1215 3434 1341 3515 ignavia
1355 3443 1440 3498 emet

180 3557 217 3598 ac
245 3537 342 3598 tacite
370 3536 564 3598 serviendum
594 3528 661 3619 (47,
683 3535 729 3620 2).
774 3536 844 3598 Nou
873 3535 1061 3616 querebatur
1088 3536 1193 3598 Tullia
1213 3534 1382 3598 Arruntem
1407 3545 1439 3598 et

179 3638 280 3718 ipsum
303 3637 334 3698 in
358 3637 554 3699 matrimonio
576 3637 691 3699 habere
713 3637 861 3716 imparem
887 3634 1088 3721 (indignam),
1111 3636 1198 3699 ouius
1211 3636 1338 3718 ignavia
1351 3636 1439 3700 elan·

179 3745 347 3819 guesceret.
392 3737 518 3819 »Neque
551 3738 759 3818 iungebantur
792 3757 901 3809 nuuc»,
933 3736 1035 3817 inquit
1067 3737 1206 3818 Madvig,
1238 3739 1311 3800 »sed
1341 3737 1439 3800 iuncti

179 3846 303 3913 erant»;
336 3838 443 3919 itaque
469 3837 500 3901 in
530 3839 656 3920 obliqua
683 3838 821 3901 oratione
850 3839 1006 3899 iunctos
1028 3838 1223 3902 scribendum
1246 3837 1342 3900 fuisse
1365 3857 1439 3902 cou-

180 3939 291 4002 tendit.
336 3939 389 4002 Sic
423 3948 527 4001 antem
559 3941 597 4001 de
625 3939 827 4020 sequentibus
854 3938 992 4002 disserit:
1026 3939 1178 4002 »Accedit
1201 3941 1239 4002 ad
1262 3938 1321 4002 hoo
1342 3940 1441 4002 orati-

180 4041 248 4104 onis
269 4039 391 4114 vitium‚
414 4042 494 4120 quod
517 4040 548 4102 iu
573 4041 676 4102 codice
700 4040 868 4121 archetypo
891 4059 951 4102 non
974 4047 1096 4114 esset,
1119 4041 1173 4102 sed
1188 4059 1273 4102 esse
1289 4039 1438 4122 scriptum

180 4141 276 4204 fuisse
310 4148 435 4204 constat
463 4138 519 4224 (ex
546 4142 636 4204 MPL
666 4142 752 4224 oet),
780 4161 818 4204 ex
841 4159 900 4222 quo
923 4151 957 4202 nt
980 4142 1159 4205 mendosum
1183 4160 1250 4204 esse
1273 4141 1439 4223 arguitur».

180 4242 341 4306 Eiusmodi
379 4243 492 4305 menda
528 4242 669 4322 vulgaria
702 4261 762 4304 non
796 4243 898 4304 solent
930 4241 1009 4304 alias
1042 4241 1268 4305 dubitationem
1303 4243 1439 4305 adferre:

180 4343 322 4424 quamvis
345 4343 437 4416 enim,
460 4351 496 4404 nt
518 4343 692 4424 exemplum
717 4343 868 4415 adieram,
893 4343 921 4416 l,
942 4343 993 4418 54,
1011 4343 1032 4406 b
1053 4343 1193 4404 habeant
1207 4342 1270 4405 MP
1283 4353 1318 4404 at
1334 4343 1441 4406 munic

180 4479 221 4490 -
238 4463 341 4528 posse,
372 4462 462 4507 nemo
490 4464 529 4506 cx
552 4463 587 4506 eo
610 4453 644 4506 at
666 4444 846 4506 mendosum
871 4463 937 4506 esse
961 4444 1048 4525 argui
1072 4463 1217 4527 umquam
1241 4443 1387 4518 credidit;
1412 4445 1440 4516 l,

179 4538 273 4620 48‚'l
306 4543 426 4608 talieeet
459 4544 680 4618 MRDNFPU,
714 4541 821 4607 tulisse
854 4545 923 4606 cdd.
957 4563 1074 4618 omnes,
1108 4545 1189 4626 quod
1213 4544 1307 4606 etiam
1331 4544 1439 4606 Livius

180 4646 339 4726 scripserit
367 4665 492 4710 necesse
521 4653 579 4708 est.
622 4646 731 4728 Neque
754 4647 831 4708 satis
854 4645 981 4725 provide
1004 4646 1150 4708 adfirmat
1172 4644 1371 4708 doctissimus
1394 4645 1441 4706 vir

180 4755 285 4809 nostro
315 4747 380 4810 loco
402 4748 432 4808 in
453 4749 519 4812 cod.
543 4747 625 4812 arch.
649 4767 709 4810 non
733 4755 852 4820 esset,
875 4746 928 4808 sed
953 4767 1037 4808 esse
1061 4746 1209 4825 scriptum
1227 4746 1345 4821 tuisse3
1367 4765 1438 4808 nam

180 4856 286 4910 esset
317 4849 351 4910 Μ
380 4855 486 4911 tenere
513 4847 694 4912 Alschefski
718 4847 850 4910 dilucide
874 4848 1031 4910 docuerat.
1076 4847 1237 4910 Mentem
1260 4847 1439 4911 fidelissime

226 4991 347 5042 origen,
373 4991 528 5042 ensem
541 4992 570 5031 aa
586 4992 610 5032 r.
624 4993 686 5032 neca
700 4992 780 5032 resne
792 4992 896 5040 persua.
1377 4989 1390 5029 s
