3574 5632
344 643 544 716 Epilagomena
567 644 603 700 ad
627 643 658 698 T.
683 643 755 700 Livii
777 643 879 698 librum
903 643 1063 698 vicesimum
1086 643 1217 714 primam.
1375 642 1411 698 to

146 817 321 898 posteriore
355 820 492 882 membro
526 821 599 900 (acc
633 818 689 903 qai
710 815 848 902 poclum
876 816 953 899 cet.)
988 815 1080 880 eundi
1114 815 1285 878 difficultas
1318 817 1413 880 ctiam

147 919 251 982 maior
284 920 462 1001 depingitur
495 939 588 1002 quam
624 921 724 1000 priora
754 922 865 1004 (acque
891 917 1015 980 omnino
1044 917 1197 981 macero
1220 918 1296 1002 ast.)
1339 919 1415 982 Alia

150 1022 291 1084 eiusdem
316 1020 569 1084 commutationis
592 1022 736 1101 exempla
758 1021 819 1082 vid.
843 1040 893 1099 ap.
917 1018 1015 1082 Drak.

240 1122 286 1184 lb.
309 1123 483 1184 occiderent
506 1123 574 1186 edd.
600 1124 626 1185 l.
650 1123 678 1184 3.
703 1122 785 1202 Mog.
809 1121 884 1184 Ald.
907 1121 999 1183 Frob.
1022 1140 1090 1200 sqq.
1114 1120 1162 1183 Ol.
1185 1121 1236 1193 23,
1258 1121 1309 1193 24,
1329 1115 1415 1183 'lar-

152 1222 248 1284 bores
280 1223 327 1285 ita
359 1223 544 1297 inciderunt,
579 1231 613 1285 ut
646 1223 794 1286 immotae
827 1229 959 1294 starent,
995 1231 1150 1284 momento
1180 1221 1239 1284 levi
1262 1222 1415 1302 impulsae

150 1324 340 1386 occiderent.
385 1325 474 1386 Gaas.
499 1325 527 1385 b.
551 1323 591 1387 G.
614 1324 644 1399 5,
666 1323 708 1386 44
731 1325 801 1386 dum
827 1323 968 1402 cupidius
990 1322 1099 1395 instat,
1135 1322 1165 1384 in
1189 1322 1288 1385 locum
1312 1323 1417 1386 deiec-

151 1432 207 1486 tus
229 1423 405 1488 inferiorem
428 1425 542 1488 occidit
563 1426 628 1506 (Ex
651 1424 769 1505 primae
792 1424 902 1486 classis
925 1441 995 1496 uno,
1018 1422 1123 1503 quiin
1147 1421 1206 1484 bac
1228 1431 1320 1503 parto
1342 1424 1415 1486 libri

154 1525 283 1599 mansit,
306 1526 436 1604 codice).
472 1526 601 1606 Madvig
624 1526 683 1588 sibi
706 1525 798 1588 linxit
820 1526 854 1587 in
876 1523 1015 1586 laomim
1036 1523 1240 1598 succiderent,
1263 1543 1362 1605 neque
1385 1525 1416 1586 id

156 1626 268 1688 melius
301 1626 371 1700 dici,
406 1645 497 1708 quam
521 1626 705 1700 occiderent,
729 1626 790 1688 ullo
814 1626 955 1706 exemplo
979 1624 1132 1705 probavit.
1177 1625 1288 1688 Altero
1310 1635 1415 1688 antam

156 1726 225 1790 loco
248 1727 380 1791 Liuiano
404 1747 501 1808 nuper
524 1728 652 1791 laudato
676 1727 852 1790 acciderent
875 1747 913 1788 ax
935 1725 1064 1788 Duiatio
1086 1725 1230 1804 sumpsit,
1253 1727 1343 1788 addit
1366 1736 1417 1789 ta·

154 1847 226 1890 men
251 1827 323 1891 boo:
347 1828 475 1890 »Possis
499 1828 592 1890 etiam
617 1828 811 1892 succiderent
832 1827 1011 1909 suspicari»,
1035 1827 1074 1888 ad
1097 1825 1241 1889 mnata
1258 1845 1417 1901 revocans,

156 1928 211 1990 ubi
245 1929 349 1991 docuit
383 1939 454 2009 post
485 1930 638 1992 vocabula
667 1930 698 1992 in
731 1930 917 1992 sexeuntia
938 1927 995 1990 aab
1018 1946 1073 2007 pro
1096 1926 1134 1989 ob
1157 1927 1260 2002 scribi,
1283 1929 1364 2008 quod
1386 1929 1417 1990 in

159 2049 228 2092 eum
253 2029 352 2092 locum
377 2050 436 2092 nou
459 2031 555 2092 valet.
600 2031 744 2094 Getarum
768 2031 837 2092 Liv.
861 2031 912 2102 21,
935 2029 985 2102 36,
1008 2028 1028 2090 6
1051 2029 1208 2091 occidente
1223 2029 1325 2092 sidem
1341 2027 1419 2092 Ver-

155 2127 311 2212 9a‘lc'arum
334 2133 440 2194 eodem
464 2132 554 2193 modo
576 2131 699 2206 dicitnr,
723 2151 782 2212 quo
803 2129 850 2193 col
867 2131 1087 2214 praecipitum
1111 2129 1174 2194 Cia.
1198 2131 1236 2192 de
1259 2149 1302 2192 or.
1325 2131 1355 2204 3,
1366 2130 1419 2204 bb,

159 2229 258 2293 luicma
285 2231 556 2316 praecipitaverat
590 2232 680 2295 Caes.
710 2234 738 2294 b.
763 2253 787 2294 c.
812 2232 841 2306 3,
864 2233 915 2305 26,
938 2231 1061 2294 similia.
1086 2265 1126 2276 -
1148 2231 1194 2292 lb.
1224 2241 1253 2292 ct
1280 2231 1420 2294 tamenta

160 2333 195 2392 c'n
217 2330 355 2394 lloma'nes
378 2333 439 2396 cM
461 2333 528 2395 rell.
550 2333 642 2396 st.
666 2333 723 2396 Ha.
746 2333 829 2395 Hrw.
852 2334 936 2414 Mvg.
960 2332 1035 2394 Wll.
1057 2341 1085 2394 ct
1107 2331 1246 2394 iumenta
1268 2342 1296 2394 ct
1317 2331 1419 2395 lomi-

160 2453 215 2495 aca
239 2433 267 2494 l.
290 2434 320 2494 3.
343 2432 417 2498 Alo.
440 2452 518 2514 sqq.,
551 2434 582 2495 iu
606 2432 718 2515 quibus
741 2441 883 2496 tacentes
904 2433 1003 2495 Drak.
1027 2440 1059 2494 et
1081 2431 1200 2507 Alsch..
1234 2433 1293 2494 etsi
1327 2433 1420 2496 aliter

162 2554 231 2596 esse
252 2533 283 2596 in
308 2535 376 2598 add.
400 2542 560 2597 noverant.
605 2535 651 2596 At
685 2536 745 2596 iam
780 2555 886 2597 ornnes
919 2533 1206 2596 Weissenbornium
1237 2543 1418 2614 sequuntur.

162 2635 252 2698 Adeo
286 2655 345 2697 non
379 2636 478 2698 solum
508 2635 648 2698 homines
671 2655 763 2716 super
785 2636 936 2710 homines,
969 2636 1023 2698 sed
1047 2633 1140 2696 etiam
1164 2633 1305 2696 iumenta
1326 2654 1420 2716 snper

163 2736 303 2800 homiues
336 2736 484 2798 occidisse
517 2735 800 2818 impedimentaque
823 2737 929 2810 luisse,
952 2735 1115 2817 quominus
1137 2755 1204 2798 sese
1228 2737 1418 2800 attollerent.

164 2836 212 2924 Dc
235 2837 420 2917 promiscua,
454 2837 512 2900 nisi
536 2838 637 2912 fallor,
659 2838 817 2900 bominum
842 2847 873 2900 et
895 2838 1099 2900 iumentorum
1123 2837 1214 2900 ruina
1236 2837 1313 2900 haec
1335 2838 1420 2901 dicta

165 2946 280 3001 sunta
302 2939 447 3020 Polybio:
482 2942 551 3002 πᾶν
584 2935 618 3002 cd
651 2938 843 3020 παραπεσὸν
878 2941 928 3021 ιῆς
956 2934 1035 3002 ὁδοῦ
1062 2943 1117 3000 sal
1146 2939 1270 3019 σφαλὲν
1293 2938 1420 3020 c'qlprco

163 3038 246 3102 acad
268 3042 331 3102 cciv
354 3040 513 3122 κρημνῶν.
556 3041 604 3102 De
627 3041 773 3104 iumentis
797 3050 829 3103 et
850 3040 1025 3104 hominibus
1049 3040 1234 3103 coniunctim
1248 3042 1420 3104 corruenti-

162 3142 221 3203 bus
255 3141 335 3204 »alia
365 3160 459 3222 super
488 3142 567 3205 alia»
596 3161 657 3204 non
680 3142 851 3204 dicebatur.
896 3143 945 3204 Ol.
968 3143 1020 3215 22,
1042 3140 1071 3215 6,
1095 3141 1114 3202 6
1138 3161 1285 3223 armaque
1308 3152 1340 3205 et
1362 3142 1420 3204 viri

164 3261 258 3323 super
280 3241 374 3304 alium
398 3242 451 3303 alii
474 3242 730 3323 praecipitantur.

249 3341 300 3417 36,
322 3342 343 3403 6
365 3341 590 3427 insuperabilia
612 3343 673 3406 vid.
697 3344 738 3407 ad
761 3365 786 3405 c.
810 3345 861 3416 23,
883 3342 913 3403 4.
936 3379 977 3388 -
999 3343 1014 3424 d
1037 3338 1056 3403 7
1079 3341 1202 3406 lubrica
1221 3340 1421 3426 placichg.

164 3444 240 3508 wfl.
263 3453 297 3505 al
323 3465 343 3504 a
364 3441 487 3506 labn'ca
507 3443 609 3527 plocio
632 3444 693 3507 OM
716 3445 785 3506 edd.
810 3445 968 3525 usquead
992 3443 1181 3518 Bellorum,
1215 3443 1267 3525 qui
1300 3444 1345 3506 sic
1372 3444 1422 3506 in-

165 3553 370 3626 terpretatur:
393 3554 504 3626 »prout
526 3545 645 3608 lubrica
667 3545 782 3626 glacies
804 3564 907 3608 secum
932 3545 1080 3606 ferebat».
1103 3546 1156 3606 oia
1178 3543 1301 3608 lubrica
1320 3541 1423 3628 placic

166 3667 181 3708 e
215 3645 393 3708 coniectura
425 3647 465 3708 H.
496 3646 627 3728 Sauppii
655 3646 746 3708 st.
770 3647 828 3708 Ha.
853 3646 971 3708 Contra
999 3647 1080 3726 quod
1115 3646 1258 3727 Madvig:
1294 3647 1423 3708 »Nullan

165 3747 275 3830 inquit,
307 3746 355 3808 »in
389 3745 517 3827 Alpium
552 3746 763 3810 cacuminibus
790 3755 822 3809 et
843 3747 924 3828 iugis
947 3747 998 3808 via
1021 3755 1115 3808 erat».
1160 3747 1206 3809 At
1229 3767 1422 3828 quacumque

166 3848 233 3929 quis
265 3847 326 3910 iter
359 3848 445 3923 lacit,
477 3849 528 3910 via
561 3849 627 3912 eius
655 3848 765 3910 latiore
794 3868 886 3910 sensu
910 3846 1097 3928 appellatur.
1141 3849 1253 3930 Itaque
1276 3848 1333 3910 boc
1355 3849 1423 3928 ipso

167 3949 232 4011 loco
254 3948 474 4028 insuperabilis
495 3950 549 4011 oia
572 3949 693 4012 dicitur.
740 3949 788 4012 of.
812 3949 903 4012 Caes.
926 3949 955 4009 b.
980 3947 1019 4014 G.
1045 3948 1072 4022 1,
1094 3947 1114 4010 6
1137 3957 1170 4011 et
1191 3947 1211 4011 9
1234 3949 1335 4011 Erant
1356 3969 1423 4012 om-

167 4050 237 4112 nino
260 4048 373 4112 itinera
395 4051 456 4111 duo
478 4094 486 4110 .
510 4096 517 4110 .
541 4070 635 4112 unum
659 4067 715 4130 per
737 4050 900 4131 Sequanos
923 4095 930 4111 .
955 4094 962 4110 .
985 4049 1117 4112 alterum
1149 4069 1204 4130 per
1232 4049 1421 4130 provinciam

167 4159 303 4213 nostram
329 4195 336 4212 .
362 4197 369 4211 .
392 4149 640 4231 Relinquebatur
674 4171 735 4212 una
762 4169 817 4231 per
839 4150 1003 4231 Sequanos
1026 4150 1086 4212 via.
1131 4149 1214 4221 Quia
1236 4171 1307 4212 vero
1331 4170 1424 4231 prae·

168 4252 279 4330 positio
302 4271 322 4312 a
343 4249 416 4334 (ab)
440 4251 480 4312 ad
503 4271 552 4313 res
576 4261 732 4324 externas,
756 4241 868 4332 quibus
891 4251 963 4332 quid
988 4251 1130 4324 efficitur,
1159 4252 1341 4315 indicandas
1365 4251 1424 4312 mi-

167 4373 223 4414 nus
246 4352 359 4414 idonea
381 4360 430 4413 est
451 4350 573 4435 (potius
596 4361 649 4415 »ut
670 4353 701 4414 in
726 4352 845 4414 lubrica
863 4352 1153 4432 glacieudicendum
1167 4352 1261 4436 erat),
1285 4353 1422 4414 codicum

168 4453 274 4534 utique
296 4452 482 4533 scripturam
506 4453 679 4534 relinquare
703 4473 828 4516 necesse
852 4452 920 4514 erit.
944 4487 984 4498 -
1001 4452 1099 4535 pedes
1115 4451 1251 4539 fallente
1274 4452 1425 4516 aconiac-

168 4560 239 4616 tura
260 4553 506 4616 Drakenborehii
529 4553 603 4616 Bkr.
627 4555 717 4617 st.
741 4555 825 4634 Mvg.
844 4553 926 4636 pede
948 4573 979 4614 aa
986 4550 1122 4639 fallente
1136 4554 1196 4617 OM
1212 4555 1281 4616 edd.
1297 4553 1423 4633 priores.

250 4654 302 4728 36,
323 4653 345 4715 8
366 4654 511 4716 cacabant
534 4655 559 4718 C
582 4654 673 4717 Grut.
700 4653 780 4716 1628
802 4653 836 4738 (e
859 4655 1036 4717 coniectura
1059 4654 1221 4738 Turnebi).
1251 4654 1347 4718 Gran.
1377 4674 1425 4716 ac·

169 4755 320 4818 cabantar
345 4757 371 4816 l.
394 4756 423 4818 3.
447 4757 530 4836 Mog.
552 4755 627 4818 Ald.
651 4756 722 4818 Cur.
746 4754 938 4818 necabantur
960 4775 977 4816 e
1000 4756 1066 4817 eod.
1091 4755 1209 4835 Sigonii
1233 4756 1302 4818 edd.
1322 4756 1424 4817 Fran-

170 4859 225 4918 col'.
249 4855 341 4919 Grut.
368 4855 458 4918 1659.
481 4891 520 4902 —
543 4857 702 4918 interdum
732 4857 826 4918 ctiam
858 4855 1001 4942 infimam
1036 4857 1119 4920 Hrw.
1153 4857 1237 4937 Mvg.
1266 4856 1425 4919 interdum
