3584 5632
385 615 421 670 16
668 611 868 684 Epilegomena
890 612 926 668 ad
948 612 981 668 T.
1005 611 1077 669 Livii
1101 613 1204 668 librum
1227 614 1358 692 primum.

466 781 560 856 aad
588 783 622 844 ia
653 781 759 846 Tiberi
779 783 883 870 facto,
912 783 964 846 ubi
993 783 1132 846 nonnulli
1155 791 1264 846 contra
1286 783 1385 866 legem
1409 784 1643 866 grammaticam

384 883 574 964 scripserunt
608 883 756 958 Tiberim,
785 886 865 965 quod
889 891 937 946 est
960 885 990 945 in
1015 885 1058 958 M,
1082 885 1134 966 qui
1157 885 1251 946 etiam
1274 878 1326 960 37,
1348 887 1368 947 2
1391 885 1470 948 falso
1492 885 1591 949 habet
1612 887 1643 948 in

383 985 529 1048 Tiberim.

467 1085 518 1158 34,
540 1084 560 1147 8
583 1084 715 1147 obiitin
737 1085 880 1147 omnibus
903 1085 963 1147 fnit
986 1086 1055 1148 edd.
1079 1105 1175 1168 usque
1199 1086 1239 1147 ad
1263 1084 1383 1162 Alscb,
1406 1095 1439 1148 et
1460 1087 1505 1150 sio
1526 1087 1645 1150 habent

385 1206 491 1250 omnes
521 1187 588 1248 odd.
613 1193 743 1266 excepto
765 1187 799 1247 M
821 1187 870 1247 vel
893 1185 1016 1248 omnino
1039 1185 1221 1248 Florentina
1243 1186 1372 1262 familia,
1396 1209 1463 1251 cnm
1488 1209 1549 1271 qua
1571 1208 1645 1252 con-

385 1289 486 1369 spirat
513 1287 553 1348 N.
578 1287 644 1348 .At
670 1287 680 1348 i
708 1306 764 1366 pro
791 1287 812 1348 ii
841 1295 908 1348 tum
935 1287 966 1349 in
995 1289 1030 1350 M
1052 1295 1119 1349 tum
1142 1287 1172 1348 in
1196 1287 1263 1350 rell.
1287 1289 1355 1350 cdd.
1378 1289 1505 1370 vulgare
1528 1297 1587 1364 est,
1610 1296 1646 1351 ut

385 1384 436 1462 37,
458 1390 478 1450 2
499 1387 631 1467 impedit
653 1406 707 1468 pro
730 1387 882 1467 impediit,
905 1382 956 1462 27,
978 1388 999 1450 4
1021 1387 1136 1450 transit
1159 1406 1213 1468 pro
1236 1389 1371 1451 transiit.
1410 1389 1548 1452 Primum
1571 1410 1644 1452 vero

385 1509 419 1552 se
446 1489 478 1550 in
507 1496 707 1568 conspectum
736 1489 792 1550 dat
819 1489 925 1570 aquila
953 1488 1080 1569 pilleum
1110 1490 1253 1552 auterens
1278 1489 1433 1572 capitique
1456 1499 1530 1570 apte
1553 1509 1644 1572 repo-

386 1609 472 1662 nens,
496 1608 555 1672 quo
578 1588 734 1670 descripto
757 1589 895 1670 prodigio
918 1589 1033 1652 abiisse
1056 1589 1237 1652 brevissime
1260 1590 1389 1666 dicitur;
1413 1592 1556 1673 quemad
1573 1611 1647 1654 nar-

386 1689 516 1753 rationis
538 1689 760 1753 seiunctionem
784 1690 1007 1772 designandam
1031 1698 1104 1770 apte
1127 1691 1230 1752 variat
1252 1698 1392 1771 tempus:
1414 1691 1488 1753 iada
1502 1689 1647 1754 sublimia

387 1791 481 1864 abiit:
502 1810 597 1872 quare
620 1791 721 1852 minus
744 1791 870 1870 provide
894 1792 927 1853 M
950 1791 1048 1853 secuti
1071 1797 1145 1852 sunt
1167 1791 1301 1854 editores
1324 1792 1493 1855 novissimi.
1537 1792 1645 1856 Simil-

386 1892 478 1955 limus
502 1899 550 1955 est
572 1891 657 1954 locus
679 1889 731 1966 48,
752 1892 783 1965 3,
806 1891 858 1954 ubi
881 1891 1066 1954 describitur
1089 1891 1274 1972 Tarquinius
1293 1891 1416 1955 luctans
1438 1912 1506 1956 cum
1520 1893 1645 1956 Servio:

386 1992 524 2056 mediam
557 1992 675 2077 arripit
708 1990 902 2077 elatumque.
917 2039 923 2053 .
937 2013 999 2078 per
1028 1992 1149 2075 gradus
1182 1991 1307 2067 delicit:
1343 1993 1529 2067 seiunctum,
1564 1994 1646 2076 quod

386 2101 498 2176 postes
520 2112 597 2174 opus
619 2093 709 2174 longe
732 2093 816 2156 aliud
840 2094 1022 2173 susceperit,
1044 2093 1092 2156 his
1115 2093 1218 2155 verbis
1241 2095 1403 2157 edocetur:
1432 2095 1505 2157 iada
1528 2093 1571 2158 cd
1594 2114 1646 2157 eo-

385 2194 522 2279 peudam
554 2203 696 2257 mactum
729 2194 763 2256 ia
794 2193 917 2258 cumam
944 2195 1049 2258 rediit.
1094 2186 1185 2266 Quod
1214 2202 1247 2257 et
1275 2194 1370 2258 ceteri
1398 2203 1431 2259 et
1452 2197 1486 2260 M
1507 2195 1575 2278 ipse
1596 2193 1647 2258 hic

388 2295 517 2370 habent,
539 2294 645 2370 rediit,
668 2316 727 2358 non
752 2303 801 2358 est
822 2295 1065 2376 repudiandum:
1088 2302 1132 2370 at,
1156 2295 1237 2376 quod
1259 2295 1367 2360 itidem
1391 2297 1488 2360 estin
1505 2296 1647 2360 omnibus

389 2398 469 2472 cdd,
502 2397 623 2471 deiecit,
655 2404 739 2460 recte
769 2397 877 2478 opinor
899 2398 1014 2460 multos
1036 2397 1066 2458 in
1090 2396 1199 2458 deiicit
1220 2397 1403 2460 mutavisse.
1446 2392 1496 2474 27,
1521 2397 1647 2478 101111-

389 2518 471 2562 mum
505 2517 610 2580 pugna
643 2497 842 2561 describitur:
877 2497 988 2560 Terror
1019 2497 1058 2560 ad
1081 2497 1188 2561 hostes
1210 2498 1345 2561 transit.
1359 2506 1490 2580 „terga
1511 2506 1647 2563 vertunt.

389 2601 494 2664 Instat
521 2599 631 2662 Tullus
654 2607 739 2676 cett,
761 2599 814 2661 ubi
837 2607 991 2673 narratur,
1015 2598 1085 2682 quid
1110 2597 1221 2661 deinde
1243 2599 1354 2662 Tullus
1376 2600 1563 2682 susceperit:
1585 2600 1649 2687 fa-

389 2721 483 2786 eoque
515 2699 718 2764 Fidenatium
745 2721 862 2764 corna.
878 2699 1034 2786 .ferocior
1060 2699 1166 2774 rediit,
1189 2707 1225 2762 nt
1246 2719 1302 2764 suo
1324 2701 1389 2764 iure
1412 2701 1530 2765 habent
1552 2702 1649 2777 RDL,

391 2803 471 2886 quod
502 2801 635 2864 editores
665 2822 723 2863 non
755 2809 955 2882 agnoverunt.
999 2801 1030 2875 4,
1051 2803 1103 2875 22,
1125 2803 1145 2862 2
1166 2801 1273 2864 hostes
1294 2801 1326 2864 in
1349 2803 1418 2864 loca
1440 2803 1553 2866 altiore
1576 2824 1649 2868 con-

392 2923 520 2968 cessere.
563 2903 610 2965 Εο
632 2902 768 2965 dictator
791 2903 912 2984 agmine
935 2903 1050 2965 infesto
1073 2902 1165 2976 subit,
1190 2923 1245 2964 nec
1262 2904 1369 2984 procul
1385 2905 1540 2968 Nomento
1554 2905 1650 2990 signis

391 3004 514 3068 collatis
541 3001 634 3089 fudit
666 3004 817 3066 Etruscas
851 3003 997 3084 legiones.
1041 3002 1124 3074 Quin
1153 3002 1204 3066 hio
1231 3011 1304 3084 post
1332 3023 1480 3085 praesens
1502 3006 1650 3070 remotius

390 3106 466 3168 illud
491 3105 627 3186 perfecto
651 3105 807 3179 efferatur,
830 3104 956 3166 dubium
982 3124 1040 3166 uon
1065 3110 1129 3180 est;
1151 3105 1206 3166 sed
1229 3124 1284 3185 pro
1302 3103 1370 3186 ipso
1385 3107 1542 3186 praesenti
1558 3106 1651 3180 subit,

392 3206 473 3288 quod
508 3203 625 3268 habent
658 3205 876 3278 MRDLFPU‚
905 3204 936 3266 in
965 3205 1141 3267 Veronensi
1164 3213 1212 3267 est
1234 3203 1340 3281 subiit,
1364 3209 1445 3290 quod
1466 3208 1651 3290 negantibus

393 3307 500 3389 utique
523 3306 634 3368 ueteris
657 3325 718 3368 non
740 3305 935 3368 satisualet.

475 3407 539 3470 Ubi
571 3407 602 3468 in
637 3407 743 3470 eodem
777 3407 915 3468 subiecto
949 3406 1030 3488 quod
1059 3406 1260 3488 subsequitur
1282 3406 1415 3471 alterum
1437 3409 1651 3490 praedicatum

393 3507 564 3590 seiungitur
587 3506 690 3590 aliquo
713 3508 803 3570 modo
826 3527 845 3570 a
867 3507 967 3588 priore
990 3516 1046 3570 aut
1069 3515 1170 3570 utres
1189 3507 1652 3593 contrariaaccedit,exprae-

392 3610 474 3674 senti
507 3609 538 3670 in
567 3608 769 3690 praeteritum
798 3609 834 3669 lit
861 3608 1023 3681 transitus,
1051 3615 1107 3670 aut
1129 3627 1167 3670 ex
1191 3609 1359 3689 praeterito
1381 3610 1413 3672 in
1436 3631 1594 3692 praesens,
1616 3623 1653 3678 ut

395 3711 446 3784 21,
469 3711 520 3783 33,
545 3710 579 3772 11
619 3709 790 3772 Castellum
825 3709 920 3788 capit,
949 3716 981 3770 et
1009 3709 1133 3790 captivo
1156 3709 1224 3772 cibo
1247 3729 1303 3790 per
1323 3709 1460 3776 triduum
1484 3714 1652 3779 exercitum

395 3811 485 3886 aluit,
512 3811 543 3884 4,
563 3807 612 3884 19,
635 3809 654 3872 b
682 3811 900 3892 adsurgentem
929 3810 1060 3872 umbone
1082 3811 1254 3890 resupinat,
1276 3812 1504 3896 repetitumque
1527 3816 1652 3897 saepius
1774 3861 1775 3876 r

396 3911 523 3994 cuspide
545 3911 585 3973 ad
608 3917 722 3972 terram
746 3909 866 3986 adfixit,
891 3911 918 3984 1,
941 3911 971 3984 3,
993 3911 1013 3972 3
1036 3911 1141 3974 urbem
1166 3910 1258 3974 matri
1280 3911 1437 3994 relinquit,
1460 3935 1571 3978 noram
1585 3917 1652 3999 ipse

397 4013 491 4077 sliam
526 4011 674 4087 condidit,
710 4012 736 4085 l,
759 4009 809 4085 59,
836 4010 876 4076 12
904 4011 1023 4092 ipsein
1048 4019 1152 4074 castra
1175 4019 1223 4074 est
1245 4014 1413 4092 profectus,
1435 4014 1598 4096 imperium
1621 4018 1653 4080 in

397 4113 471 4177 urbe
493 4112 638 4176 Lucretio
661 4110 817 4193 relinquit,
842 4112 871 4187 1,
895 4111 944 4186 15,
965 4112 986 4174 4
1009 4113 1083 4174 urbe
1105 4111 1211 4174 valida
1233 4113 1396 4188 abstinuit,
1419 4134 1510 4196 agros
1531 4118 1653 4181 rediens

396 4219 513 4277 vastat.
557 4211 633 4276 Alia
666 4219 770 4275 autern
801 4231 851 4274 res
879 4219 927 4274 est
951 4213 1052 4288 1,41,
1076 4213 1091 4273 1
1117 4213 1269 4296 Tanaquil
1294 4214 1394 4277 claudi
1417 4217 1534 4298 regiam
1556 4216 1653 4294 iubet,

397 4314 532 4378 arbitros
564 4313 660 4377 eiieit.
704 4312 804 4376 Simul
833 4333 912 4394 quae
925 4360 932 4374 .
946 4360 952 4376 .
966 4332 1043 4396 opus
1071 4321 1145 4376 sunt
1168 4323 1339 4396 comparat,
1361 4315 1452 4379 simul
1476 4318 1539 4381 alia
1561 4339 1654 4401 prae-

397 4415 478 4479 sidia
505 4414 639 4477 molitur.
682 4414 811 4477 Habent
838 4413 888 4476 hic
910 4414 979 4476 cdd.
1003 4415 1100 4488 eiecit,
1123 4434 1160 4478 ac
1181 4422 1255 4479 sunt
1278 4415 1381 4497 quiid
1405 4417 1577 4496 retineant:
1595 4422 1652 4484 sed

397 4515 459 4580 iam
493 4515 612 4596 primum
645 4515 713 4578 edd.
746 4511 904 4598 (equidem
931 4515 962 4577 in
986 4516 1054 4578 edd.
1080 4516 1106 4576 1.
1130 4515 1159 4577 3.
1182 4516 1274 4578 Frob.
1299 4515 1368 4579 aliis
1389 4517 1451 4580 iam
1474 4519 1555 4605 vidi)
1577 4521 1655 4584 dant

398 4617 494 4692 siicit,
526 4635 563 4680 ac
590 4615 649 4678 nisi
676 4615 724 4678 ita
750 4613 826 4700 (non
850 4614 938 4700 eicit)
960 4616 1109 4696 scriptum
1134 4617 1255 4690 luisset,
1278 4637 1337 4680 non
1360 4616 1391 4679 in
1414 4619 1503 4682 eiecit
1524 4621 1655 4685 abiisset

397 4719 429 4780 in
463 4717 577 4780 litteris
612 4715 800 4791 uncialibus3
837 4736 928 4799 quam
960 4717 998 4779 ob
1031 4717 1131 4798 ipsam
1161 4736 1297 4792 causam,
1329 4719 1409 4800 quod
1439 4720 1532 4801 paulo
1559 4741 1655 4804 snpra

399 4817 529 4908 allatum
569 4825 628 4892 est,
667 4817 778 4880 deiecit
811 4837 849 4878 ex
883 4816 990 4880 deitate
1023 4819 1140 4880 factum
1175 4826 1232 4880 est.
1288 4817 1379 4890 Quod
1413 4820 1440 4882 si
1473 4822 1524 4886 ita
1553 4843 1572 4886 a
1600 4843 1655 4886 ve·
1732 4867 1736 4875 ι
