3584 5632
467 660 667 732 lipilegomena
689 662 724 716 ad
747 661 779 716 Τ.
803 661 876 717 bivii
898 662 1001 716 librum
1024 663 1153 733 primum.
1401 667 1436 722 51

151 839 196 892 et
234 831 322 906 edd,
342 831 429 919 fieri,
451 831 539 907 solui,
562 833 735 908 revocavit3
758 833 891 915 denique
914 835 953 895 ad
976 833 1062 915 prius
1084 834 1161 898 illud
1183 835 1276 898 rediit
1298 837 1440 899 Mueller.

153 933 262 995 Nam
286 931 366 994 solui
378 934 456 1021 fieri
478 935 516 996 ad
541 935 791 1014 praecedentium
816 935 952 998 ordinem
975 955 1030 997 aar
1052 935 1208 999 solverunt
1228 957 1282 1000 aaa
1294 936 1442 1025 sererent

155 1035 281 1115 magis
310 1035 453 1114 quadrat,
477 1055 568 1117 quam
592 1036 631 1098 ob
654 1055 792 1108 eausam,
816 1055 875 1116 quo
898 1044 1037 1117 tempore
1058 1037 1116 1100 boc
1140 1038 1310 1100 membrum
1332 1047 1441 1120 poste-

154 1133 296 1197 rioueru
331 1135 430 1197 loeum
464 1144 589 1199 nautum
625 1145 702 1210 erat,
734 1137 863 1199 intactis
890 1137 1052 1200 infinitivis
1080 1139 1251 1218 praeterita
1273 1139 1313 1203 ad
1336 1160 1439 1203 eorum

159 1237 320 1298 ordinem
344 1239 589 1300 accommodavit
613 1237 778 1312 Gruterus,
802 1258 857 1299 uae
873 1237 1020 1324 fromunt
1042 1259 1096 1302 aaa
1119 1238 1275 1302 solverunt
1296 1240 1344 1326 (in
1367 1241 1441 1305 cot-

160 1337 299 1399 latione
322 1355 393 1400 mea
413 1356 443 1418 p.
468 1339 509 1400 30
530 1359 559 1399 v.
582 1339 602 1400 6
625 1359 644 1399 a
665 1339 726 1400 line
748 1338 912 1401 delendum
938 1336 1041 1413 Gaas,
1064 1343 1272 1421 reponendum
1297 1342 1327 1404 iu
1351 1363 1442 1405 versu

162 1446 332 1519 sequente
355 1445 428 1500 aute
452 1436 577 1521 (ison),
601 1440 651 1520 qui
675 1441 749 1500 ordo
773 1459 868 1520 usque
892 1441 931 1502 ad
953 1440 1062 1502 Alseb.
1086 1442 1210 1504 mansit.
1254 1443 1442 1524 Transposi-

161 1539 276 1601 tionis
309 1545 414 1601 autem
448 1541 594 1620 originem
629 1541 759 1603 dederat
791 1541 820 1602 in
852 1540 1020 1623 archetypo
1049 1542 1151 1604 oodioe
1179 1545 1441 1625 transalpinorum

164 1640 320 1702 usitatus
353 1641 504 1702 transitus
538 1641 568 1703 in
599 1643 730 1704 alterum
761 1641 861 1703 simile
890 1642 984 1724 (quas
1007 1662 1210 1725 res...quas
1232 1643 1308 1728 res).
1352 1643 1443 1716 Quae

165 1741 405 1820 praetermissa
435 1749 524 1804 eraut
551 1744 658 1817 verba,
680 1743 741 1804 iam
765 1743 795 1804 in
819 1743 845 1803 F
868 1743 977 1806 Bamb.
1001 1743 1031 1806 U
1053 1745 1223 1824 posteriore
1246 1745 1312 1808 looo
1335 1747 1444 1808 addita

166 1849 266 1915 suut,
299 1842 330 1904 iu
360 1843 387 1904 P
415 1843 530 1905 desunt
562 1845 695 1915 omnino,
729 1843 810 1905 sieut
838 1843 931 1905 etiam
955 1845 985 1906 in
1011 1846 1079 1908 edd.
1105 1847 1132 1907 l.
1155 1845 1184 1908 3.
1208 1846 1237 1908 5.
1260 1844 1301 1920 6.,
1324 1867 1443 1928 quase

170 1942 288 2005 codiee
310 1943 496 2005 Parisiensis
519 1944 665 2006 similiore
687 1944 853 2006 fluxerunt.
878 2003 882 2015 ,

268 2044 382 2117 3212
411 2043 531 2107 boatum
553 2044 715 2130 senatum
743 2055 798 2107 out
817 2056 999 2130 praeustam
1022 2048 1226 2130 sanguineam
1249 2055 1370 2111 mutato
1393 2069 1444 2110 or-

174 2145 255 2206 dine
288 2145 417 2206 duorum
452 2145 641 2220 ultimorum,
674 2155 727 2208 »ut
761 2147 960 2228 sanguineam
996 2148 1036 2210 ad
1068 2155 1232 2230 utramque
1261 2149 1444 2230 pertineat»,

173 2245 343 2324 Madvigio
377 2266 475 2308 »nuno
504 2247 696 2328 probabilius
719 2247 859 2310 videtur»
883 2267 986 2329 quam,
1010 2249 1090 2330 quod
1112 2249 1184 2311 olim
1209 2250 1307 2331 magis
1329 2251 1445 2332 proba-

174 2343 246 2408 bile
274 2347 301 2408 ei
330 2346 430 2409 risum
461 2355 539 2422 erat,
568 2349 727 2430 sanguinis
756 2349 942 2412 mentionem
972 2350 1128 2412 electore
1150 2350 1253 2432 aliquo
1276 2351 1369 2414 moris
1393 2352 1446 2414 diu

177 2447 301 2510 servati
329 2467 425 2529 gnaro
453 2450 592 2512 additam
617 2470 695 2524 esse,
719 2451 916 2533 quamobrem
940 2451 971 2512 iu
994 2451 1096 2531 priore
1119 2453 1166 2514 ed.
1189 2472 1294 2515 vocem
1318 2453 1446 2535 sangui-

178 2567 274 2612 neam
298 2569 353 2612 suo
376 2550 442 2613 loeo
464 2549 605 2614 relietum
630 2554 715 2614 unois
737 2551 872 2614 inclusit.
906 2551 1011 2614 Etiam
1035 2551 1175 2624 Queukio
1197 2553 1274 2616 baso
1288 2553 1445 2617 sententia

179 2651 391 2731 praeferenda
420 2651 596 2726 videbatur,
625 2653 826 2734 sanguineam
850 2673 905 2734 pro
928 2654 1144 2717 additamento
1167 2675 1234 2717 esse
1256 2655 1444 2719 babendum.

181 2751 220 2814 Si
243 2771 315 2814 vero
339 2753 478 2834 duplices
500 2753 572 2816 illas
594 2754 775 2834 scripturas,
799 2774 878 2835 quae
901 2755 1076 2818 manifestis
1095 2765 1300 2820 oorreotorum
1320 2757 1447 2820 addita-

182 2853 298 2916 mentis
332 2861 420 2916 ortae
452 2862 536 2929 sunt,
568 2855 769 2935 contemplati
799 2857 924 2930 sumus,
946 2856 1035 2938 louge
1058 2855 1150 2919 aliter
1172 2877 1225 2920 eas
1248 2865 1446 2940 comparatas

184 2973 253 3017 esse
286 2953 489 3029 inveniemus,
523 2955 636 3038 quippe
671 2957 781 3039 quibus
811 2977 924 3038 magna
953 2957 1067 3040 ubique
1089 2959 1239 3040 prodatur
1260 2959 1446 3042 ignorantia,

184 3073 338 3137 nusquam
369 3057 511 3119 doetriua
533 3065 590 3120 aut
612 3058 733 3139 antiqui
756 3059 849 3121 moris
870 3059 1052 3123 recordatio.
1097 3059 1249 3142 Equidem
1273 3063 1310 3124 de
1333 3061 1392 3124 bac
1413 3081 1447 3124 re

184 3156 231 3218 sio
251 3156 369 3220 iudico:
393 3159 651 3238 quemadmodum
676 3159 726 3233 lt,
748 3152 768 3220 ’1
790 3160 927 3240 virgulta
949 3159 1046 3223 daura
1068 3160 1168 3224 obsita
1191 3161 1345 3238 dicuntur,
1368 3182 1446 3243 quae

185 3257 291 3320 obsita
313 3265 402 3320 erant
425 3261 595 3341 eademque
619 3261 726 3333 densa,
751 3260 797 3322 ita
819 3261 876 3322 boc
899 3260 965 3323 loeo
987 3261 1082 3325 basta
1104 3263 1276 3346 sanguinea
1294 3273 1446 3349 promota

185 3365 325 3432 vocatur,
358 3378 437 3440 quae
460 3368 608 3439 praeusta
631 3368 699 3423 erat
722 3362 891 3445 eademque
913 3363 1094 3444 sanguinea,
1118 3383 1212 3445 quare
1234 3363 1261 3426 is
1283 3365 1350 3446 ipse
1372 3365 1446 3426 ordo

185 3459 350 3522 verborum
372 3460 466 3540 plane
488 3469 593 3525 reotus
615 3482 683 3526 esse
705 3461 838 3536 videtur,
854 3464 1019 3526 dummodo
1033 3463 1236 3546 seiungantur
1249 3465 1327 3528 baeo
1340 3466 1446 3539 verba,

187 3561 269 3622 siout
296 3561 453 3641 particula
480 3573 534 3625 out
562 3562 704 3626 seiuncta
726 3573 810 3639 sunt,
833 3583 852 3626 a
873 3565 1012 3644 proxime
1035 3567 1255 3647 praesedent03
1278 3587 1341 3630 rem
1366 3565 1445 3630 enim

186 3683 203 3724 e
231 3661 365 3725 veritate
391 3663 569 3726 describens
598 3665 716 3745 Livius,
745 3671 780 3727 ut
807 3672 911 3728 mouet
932 3666 1166 3741 Weissenborn,
1190 3667 1446 3749 aequabilitatem

187 3762 394 3826 membrorum
417 3764 519 3827 minus
541 3765 671 3831 curavit.
707 3767 842 3828 Hastam
865 3767 1012 3829 inlectam
1037 3767 1187 3849 sanguine
1209 3787 1292 3832 more
1306 3769 1447 3832 Romano

185 3863 217 3925 in
241 3864 323 3926 bello
343 3863 507 3928 indicendo
530 3865 696 3930 eouieoisse
719 3867 856 3930 fetialem
881 3868 971 3930 doust
992 3868 1097 3932 Amm.
1120 3869 1217 3936 Maro.
1242 3868 1291 3945 19,
1313 3871 1343 3946 2,
1366 3868 1397 3944 6,
1415 3878 1448 3932 et

186 3965 338 4046 sanguine
371 3973 567 4031 cruentatum
600 3964 635 4031 ad
663 3965 741 4051 δόρυ
762 3965 796 4031 ai
819 3963 997 4048 αἱματῶδες
1018 3969 1114 4033 luisse
1137 3979 1279 4052 apparat,
1303 3971 1384 4053 quod
1407 3973 1446 4032 ad

186 4064 323 4128 hostium
351 4074 467 4130 terram
490 4088 599 4131 versus
620 4068 792 4132 iaculatum
815 4089 883 4132 esse
905 4071 1046 4134 Marcum
1069 4071 1233 4135 Aurelium
1255 4080 1365 4135 narrat
1387 4071 1447 4135 Dio

187 4166 276 4230 (lass.
310 4160 362 4241 71,
384 4169 440 4244 33;
475 4171 530 4232 sed
559 4178 607 4232 est
634 4170 822 4252 sanguineus
845 4171 940 4234 etiam
964 4166 1094 4235 colorem
1118 4173 1278 4254 sanguinis
1300 4173 1447 4248 referens,

187 4277 223 4330 ut
250 4267 301 4342 25,
324 4261 354 4344 7,
376 4267 398 4331 8
425 4269 511 4332 visus
538 4279 586 4333 est
611 4272 657 4335 sol
685 4271 796 4334 rubere
825 4272 916 4335 solito
946 4273 1045 4356 magis
1074 4273 1304 4356 sanguineoque
1327 4273 1447 4349 similis,

187 4369 276 4450 Virg.
309 4368 389 4432 Aen.
421 4370 470 4446 10,
493 4363 555 4432 272
582 4373 652 4436 Non
681 4393 771 4436 secus
800 4393 837 4435 ao
859 4373 977 4456 liquida
999 4375 1025 4436 si
1049 4376 1172 4456 quando
1195 4383 1284 4437 noete
1308 4383 1447 4438 cometae

186 4469 356 4552 Sanguinei
380 4471 508 4553 lugubre
531 4473 654 4548 rubent,
676 4472 742 4536 ael.
768 4475 816 4548 10,
839 4473 879 4536 25
902 4475 970 4537 Pan
985 4476 1061 4538 deus
1075 4473 1230 4538 Arcadiae
1245 4476 1341 4550 venit,
1356 4496 1446 4557 quem

187 4570 322 4634 vidimus
355 4571 416 4652 ipsi
449 4571 635 4654 Sanguineis
668 4575 751 4638 ebuli
780 4575 865 4638 baeis
888 4575 1043 4657 minioque
1065 4576 1238 4650 rubentem,
1260 4577 1341 4639 Plin.
1364 4597 1392 4640 n.
1416 4576 1446 4639 b.

189 4671 239 4746 14,
261 4673 292 4746 3,
315 4665 356 4734 37
384 4673 460 4736 lolia
487 4673 572 4754 prius
601 4694 693 4758 quam
722 4675 869 4739 decidant
897 4677 1065 4757 sanguineo
1089 4678 1188 4739 colore
1211 4685 1383 4753 mutantur,
1405 4679 1446 4740 ib.

189 4766 376 4848 16‚18‚7r
403 4775 564 4856 sanguinei
593 4777 729 4839 frutices.
773 4777 839 4838 Iam
869 4796 925 4857 per
951 4797 984 4839 se
1012 4778 1106 4840 basta
1129 4778 1256 4853 ferrata,
1279 4778 1344 4841 sive
1367 4779 1447 4842 ferro

187 4873 376 4956 praepilata,
410 4875 505 4939 etiam
533 4877 559 4939 si
587 4877 736 4960 sauguine
766 4897 826 4940 nou
848 4877 931 4940 illita
952 4885 1030 4953 erat,
1053 4877 1126 4941 belli
1150 4879 1269 4942 ornanti
1290 4879 1447 4962 signitica-
