3584 5632
499 637 699 710 Epilegomena
720 639 755 694 ad
779 634 812 693 Τ.
836 637 907 692 Livii
930 638 1032 694 librum
1055 639 1185 708 primum.
1434 635 1472 690 29

302 806 349 881 13,
371 807 391 868 b
415 828 512 891 equus
541 805 695 872 Curtium.
740 807 935 888 Optimorum
965 809 1102 872 codicum
1132 809 1210 872 alios
1238 829 1332 893 equos
1353 807 1475 870 curtius

184 907 292 970 alios
322 928 412 990 equos
440 909 561 972 curtius
589 909 688 992 (falsa
716 909 846 976 nominis
875 911 1211 974 accommodationem
1235 912 1261 973 P
1285 928 1380 990 equos
1403 928 1473 970 cur-

187 1007 291 1092 tios)
313 1008 428 1073 habere
450 1017 506 1073 aut
528 1011 675 1074 habuisse
698 1009 902 1072 certissimum
927 1019 975 1073 est
997 1010 1091 1095 (equi
1114 1031 1144 1074 m
1161 1013 1192 1074 in
1214 1031 1334 1083 rasura,
1357 1029 1416 1072 non
1429 1010 1473 1083 M,

193 1117 250 1172 ut
282 1110 426 1190 perhibet
458 1109 587 1195 abab),
619 1132 709 1196 eques
739 1109 868 1176 Curtius
890 1113 959 1175 edd.
984 1113 1012 1174 1.
1035 1115 1064 1175 3.
1087 1113 1117 1174 4.
1140 1113 1169 1176 b.
1192 1111 1221 1176 6.
1244 1111 1274 1174 8.
1297 1110 1338 1187 9.,
1360 1131 1472 1194 equum

200 1208 344 1274 Curtius
366 1213 413 1273 ed.
437 1215 466 1273 2.
490 1231 557 1274 cnm
582 1213 766 1294 quibusdam
791 1213 858 1274 cdd.
883 1213 999 1289 mixtis,
1022 1235 1112 1298 eques
1136 1213 1279 1278 Curtium
1293 1214 1341 1276 ed.
1354 1207 1383 1274 7.
1396 1211 1472 1274 Sab.

201 1311 305 1382 Quod
339 1321 444 1375 monet
477 1312 674 1387 Gebhardus,
708 1321 852 1376 »vetusta
884 1313 1040 1394 scriptura
1070 1337 1163 1399 equos
1185 1316 1270 1377 valet
1293 1334 1419 1395 equus»,
1441 1313 1472 1373 id

206 1412 390 1476 Sabellicus
412 1413 506 1476 etiam
530 1415 560 1476 in
584 1435 674 1498 equos
696 1415 799 1476 valere
822 1415 929 1478 voluit.
974 1417 1084 1496 Itaque
1106 1417 1134 1480 is
1156 1417 1273 1497 primus
1296 1434 1400 1478 verum
1424 1414 1473 1476 in-

209 1514 346 1588 tellexit,
380 1535 568 1597 quamquam
603 1516 655 1598 (ut
682 1524 793 1594 postea
821 1516 980 1600 Garbach)
1008 1518 1106 1580 veteri
1134 1538 1209 1581 voce
1231 1517 1332 1597 poetis
1354 1515 1473 1578 tributa

212 1616 261 1676 uti
294 1635 327 1678 se
358 1635 448 1696 posse
482 1618 626 1696 putabat.
671 1617 797 1680 Curtius
832 1617 911 1678 enim
942 1618 1028 1681 lacus
1054 1619 1232 1699 appellatus
1260 1626 1390 1681 estnon
1414 1636 1473 1697 quo

211 1736 325 1797 equum
360 1717 402 1779 ibi
436 1718 563 1780 Curtius
596 1718 715 1781 salvum
751 1719 896 1791 stitisset,
925 1720 978 1782 sed
1007 1719 1081 1801 quia
1108 1721 1175 1801 ipse
1203 1739 1280 1801 equo
1303 1726 1412 1780 vectus
1435 1736 1472 1778 ex

211 1836 297 1898 aqna
329 1837 436 1898 sospes
470 1827 502 1880 et
535 1818 695 1881 incolumis
719 1826 872 1882 evaserat.
917 1821 1034 1882 Tamen
1058 1823 1261 1901 depravatam
1285 1819 1470 1900 scripturam

211 1939 326 2002 equum
355 1917 484 1984 Curtius
511 1921 699 2001 patrocinati
727 1929 801 1982 sunt
828 1920 1000 1995 Asnlanus,
1022 1921 1192 1985 Rhenanus
1215 1929 1310 2002 atque
1332 1919 1474 2001 inprimis

212 2020 370 2101 Sigonius,
393 2022 490 2084 donee
512 2023 639 2084 tandem
663 2021 842 2084 auctoribus
865 2021 1033 2096 Glareano,
1055 2023 1246 2097 Robortello,
1269 2021 1376 2102 Lipsio
1398 2019 1474 2083 vicit

212 2123 369 2202 scriptura
401 2143 497 2207 equus
531 2121 685 2196 Cur-tium,
719 2143 778 2185 non
810 2123 932 2205 quidem
956 2125 986 2186 in
1010 2132 1204 2204 perpetuum,
1227 2143 1298 2186 nam
1322 2123 1419 2185 Hertz
1441 2129 1474 2206 et

212 2223 245 2284 in
273 2223 381 2303 primis
410 2224 597 2287 editionibus
624 2224 847 2288 Weissenborn
876 2225 976 2288 denuo
1003 2226 1033 2288 in
1059 2227 1235 2288 mendosam
1259 2225 1345 2286 illam
1369 2242 1474 2286 rever·

213 2332 329 2388 terunt.

299 2426 348 2500 14,
371 2419 391 2488 7
421 2423 499 2490 locis
526 2426 612 2490 circo
640 2427 737 2492 doura
758 2426 859 2490 obsita
881 2425 1021 2510 virgulto
1043 2428 1183 2491 obscuris
1205 2428 1295 2490 firma
1317 2433 1366 2490 est
1389 2424 1473 2489 codi-

215 2547 283 2590 cum
317 2528 474 2608 scripturo
502 2548 599 2609 eaque
629 2529 682 2602 sic,
710 2528 779 2592 nisi.
798 2529 899 2604 fallor,
921 2529 1172 2610 interpretanda:
1196 2537 1316 2608 partem
1340 2527 1473 2590 militum

213 2629 365 2692 Romulus
395 2629 555 2692 subsidere
577 2630 669 2692 iussit
691 2629 765 2692 locis
788 2630 936 2704 obscuris,
960 2639 992 2692 et
1014 2631 1137 2711 quidem
1159 2631 1191 2692 in
1214 2629 1357 2711 virgultis
1379 2629 1474 2690 dense

213 2730 335 2804 obsitis,
358 2749 437 2812 quae
460 2730 542 2794 circa
564 2739 663 2793 erant.
707 2731 889 2794 Inserantur
910 2731 1005 2812 igitur
1026 2733 1108 2796 inter
1130 2732 1285 2794 ablativos
1307 2731 1378 2793 illos
1398 2727 1475 2792 locis

214 2831 355 2894 obscuris
377 2832 496 2913 aliquot
518 2833 624 2907 verba,
647 2831 758 2914 quibus
781 2833 838 2895 loci
862 2841 975 2895 natura
997 2833 1191 2914 militumque
1213 2833 1243 2894 in
1267 2831 1387 2895 insidiis
1409 2831 1474 2894 col-

215 2933 327 2995 locatio
362 2933 537 2996 accuratius
566 2933 760 2996 describitur.
783 2934 882 2997 »circa
904 2935 1008 2996 obsita
1029 2935 1182 3014 virgulta»
1205 2953 1264 2997 non
1287 2934 1334 2995 ita
1356 2932 1474 2994 intelli-

215 3035 348 3118 gendum
383 3041 441 3108 est,
468 3041 505 3096 ut
533 3035 645 3098 circum
668 3034 732 3096 ista
754 3036 890 3115 virgulta
912 3044 1119 3110 versarentur,
1143 3036 1197 3096 sed
1221 3042 1256 3096 ut
1278 3035 1307 3096 in
1331 3033 1474 3114 virgultis

215 3137 329 3198 circum
353 3136 563 3200 crescentibus
585 3135 742 3218 (obustis)
765 3136 876 3197 occulti
900 3145 1109 3211 morarentnr3
1133 3136 1184 3217 qui
1207 3155 1381 3216 praegnans
1399 3154 1474 3196 usus

215 3235 453 3316 praepositionis
482 3236 531 3319 (ε
555 3237 666 3298 circum
690 3236 732 3309 in,
760 3237 872 3298 circum
897 3239 953 3320 ad)
976 3239 1059 3317 apud
1082 3237 1204 3299 Livium
1228 3235 1307 3304 satis
1330 3238 1475 3317 frequens

215 3345 275 3411 est,
298 3338 384 3400 velut
406 3335 435 3411 9,
458 3337 509 3410 25,
531 3340 551 3398 2
575 3337 801 3400 coniurationes
825 3337 906 3399 circa
929 3338 1132 3418 Campaniam
1157 3337 1273 3418 passim
1292 3339 1406 3410 factae,
1423 3337 1475 3411 25,

215 3437 246 3513 9,
268 3441 288 3500 2
317 3437 473 3520 equitibus
507 3438 676 3518 praecepit,
705 3446 740 3499 ut
768 3439 976 3501 discurrerent
1004 3439 1085 3502 circa
1108 3439 1185 3513 vias,
1210 3439 1237 3512 l,
1260 3437 1291 3511 9,
1312 3441 1332 3499 2
1355 3438 1474 3517 legatos

216 3539 298 3602 circa
326 3539 444 3602 vicinas
473 3547 581 3620 gentes
611 3539 705 3602 misit.
748 3540 857 3620 Neque
881 3539 979 3619 magis
1002 3559 1075 3602 usus
1098 3538 1244 3602 adiectivi
1267 3537 1396 3621 (densa)
1419 3557 1474 3619 pro

216 3641 363 3703 adverbio
390 3640 535 3702 insolitus
558 3647 620 3702 est:
644 3648 679 3702 ut
701 3643 730 3714 2,
753 3641 804 3713 35,
826 3641 846 3702 3
868 3641 1011 3703 infestior
1033 3648 1139 3704 coorta
1161 3640 1358 3720 optimatium
1382 3639 1475 3714 acies,

218 3743 245 3816 l,
267 3741 318 3816 54,
340 3740 361 3804 6
388 3741 586 3804 inambulans
619 3741 745 3804 tacitus.
790 3741 995 3804 Difficultatis
1023 3741 1140 3822 aliquid
1169 3741 1266 3802 habet
1287 3739 1405 3814 obsito3
1427 3749 1476 3802 est

216 3843 296 3906 anim
325 3843 409 3908 aliud
432 3844 483 3915 21,
506 3842 556 3916 54,
582 3844 596 3903 1
621 3842 706 3904 rivus
729 3842 849 3904 obsitus
872 3842 1025 3923 virgultis,
1047 3841 1098 3914 28,
1120 3844 1151 3916 2,
1177 3843 1190 3902 l
1216 3842 1308 3904 obsiti
1331 3841 1475 3922 virgultis

216 3945 325 4019 colles3
353 3951 388 4005 at
414 3943 518 4006 obsita
538 3943 676 4024 virgulta
697 3951 762 4005 tum
786 3945 908 4005 demum
933 3943 1093 4023 probabile
1116 3944 1168 4016 sit,
1190 3943 1216 4005 si
1239 3943 1361 4004 dicatur
1383 3942 1475 4005 obse-

215 4063 282 4108 rere
305 4043 456 4125 virgulta:
479 4044 580 4106 obseri
604 4051 707 4106 autem
731 4043 774 4116 id,
797 4045 876 4124 quod
901 4045 1022 4112 seritur.
1046 4063 1198 4124 nusquam
1222 4044 1338 4106 dictum
1354 4043 1475 4106 estnisi

215 4146 369 4208 translate
399 4165 419 4206 a
445 4145 577 4208 Plauto:
609 4145 682 4208 istic
715 4152 838 4225 oportet
871 4145 971 4207 obseri
1005 4164 1105 4207 mores
1133 4145 1233 4206 malos
1261 4143 1363 4228 (Trio.
1385 4141 1474 4225 530).

217 4247 389 4328 Cognatum
423 4266 496 4308 vero
526 4246 653 4308 verbum
689 4264 858 4320 conserere,
891 4247 971 4326 quod
1000 4246 1180 4326 plerumque
1203 4265 1271 4308 cnm
1295 4245 1474 4308 accusativo

216 4348 272 4410 loci
300 4348 448 4428 iungitur,
476 4355 513 4408 ut
536 4365 654 4426 agrum,
676 4347 797 4408 vineam
823 4366 992 4420 conserere,
1015 4347 1087 4408 inde
1109 4345 1233 4427 passive
1256 4347 1286 4409 in
1310 4345 1474 4426 participio

216 4449 333 4529 pariter
355 4455 450 4529 atque
472 4448 593 4510 obsitus
614 4449 645 4508 in
670 4467 727 4510 usu
751 4456 813 4509 est:
837 4445 915 4510 Sall.
939 4448 1005 4528 Ing.
1028 4448 1069 4509 53
1089 4467 1162 4528 ager
1176 4447 1313 4510 arbustis
1327 4447 1475 4520 consitus,

216 4550 302 4613 Gurt.
328 4550 376 4623 lo,
399 4551 429 4623 2,
455 4549 493 4610 14
515 4548 617 4610 insula
641 4548 752 4628 palmis
775 4549 989 4629 frequentibus
1012 4549 1141 4622 consita,
1165 4550 1239 4610 item
1263 4547 1473 4610 accusativum

214 4650 312 4714 habet
344 4649 399 4723 rei,
432 4669 511 4730 quae
544 4650 658 4712 seritur
690 4641 746 4711 ont
779 4649 901 4712 omnino
933 4649 1054 4722 crescit,
1083 4657 1118 4711 ut
1146 4650 1195 4722 10,
1218 4649 1269 4722 24,
1291 4650 1311 4710 5
1334 4649 1474 4711 arborem

216 4771 385 4824 conserere,
414 4759 447 4812 et
474 4750 655 4830 saepissime
683 4759 765 4830 part.
793 4751 870 4829 perf.
898 4770 993 4830 pass,
1015 4751 1099 4812 velut
1123 4750 1210 4812 Ourt.
1233 4749 1263 4822 6,
1289 4748 1337 4823 16,
1362 4749 1475 4812 itar-

214 4854 304 4914 bores
338 4853 452 4914 densae
486 4851 633 4922 consitae.
678 4851 728 4912 Ad
763 4851 844 4912 hanc
876 4851 975 4930 ipsam
1011 4851 1245 4912 similitudinem
1281 4850 1399 4925 Livius,
1423 4851 1474 4912 nbi
