3574 5632
324 615 365 672 ao
510 613 1378 690 sumammuh-Mmffim.

323 789 355 852 ri
386 789 496 854 uenisti
528 791 637 865 utituu,
671 801 812 856 muretus
843 801 877 854 et
908 791 1294 872 pslatusinn'guiasuut
1336 789 1582 864 266‚6oum

323 890 424 970 palati
456 892 573 971 purim
594 911 677 972 vaga
696 901 844 973 raperent
863 911 987 972 pecore,
1007 893 1061 964 4⁴,
1080 892 1134 964 30,
1153 890 1176 952 9
1196 892 1318 972 uliquot
1336 891 1437 971 palati
1459 890 1582 952 milites

323 992 492 1071 agrestium
526 1011 676 1055 concursu
706 993 864 1056 interiecti
895 1002 979 1056 suut.
1031 993 1085 1065 21,
1116 993 1169 1064 ³5,
1189 994 1211 1054 2
1233 1001 1399 1072 utcumque
1420 990 1579 1072 progressi

324 1091 476 1154 morative
507 1092 644 1174 aliquam
676 1096 868 1158 occasionem
901 1093 1059 1156 iecissem.
1100 1091 1172 1162 Quo
1193 1093 1317 1174 quidem
1339 1093 1454 1154 iocosi
1475 1091 1579 1171 serip-

323 1193 418 1254 sisset
438 1193 562 1256 liuius:
583 1202 768 1276 :utcumque
789 1194 1050 1275 progredientium
1072 1201 1130 1255 aut
1146 1203 1334 1256 moratorum
1357 1193 1495 1255 condicio
1517 1193 1580 1252 ad·

323 1293 411 1356 llicta
429 1292 554 1375 (eliqua
574 1297 803 1375 opportunitas,
823 1296 873 1356 vel
894 1294 1012 1377 simile)
1033 1295 1172 1367 fulmen,
1194 1294 1321 1355 evidens
1333 1293 1475 1356 nimirum
1496 1292 1578 1354 illud

324 1401 409 1456 estet
442 1395 674 1460 substantivum
696 1405 843 1458 murator.
893 1396 930 1457 ld
952 1395 1033 1458 enim
1055 1395 1199 1476 opinione
1220 1396 1380 1456 doctorum
1402 1415 1471 1457 esse
1492 1413 1582 1456 mere

323 1493 500 1562 livianum.

406 1591 459 1669 47,
490 1597 512 1658 3
541 1599 617 1682 ripe
642 1596 729 1660 Pedi
762 1596 861 1660 Gron.
882 1595 1005 1674 (docile
1026 1596 1215 1675 coniiciuso).
1258 1596 1371 1680 ripndr'
1391 1597 1429 1658 P.
1449 1595 1527 1678 ripa
1548 1595 1578 1656 G

325 1696 395 1758 edei
417 1705 451 1758 et
481 1705 556 1760 aute
583 1705 709 1778 etpost
730 1697 839 1770 Gron,
860 1697 913 1778 qui
934 1696 1105 1777 genitivum
1126 1695 1214 1759 Padi
1234 1697 1289 1758 vix
1309 1699 1350 1759 ad
1371 1715 1496 1758 sensum
1519 1715 1581 1756 ue-

325 1797 493 1860 cessarium
525 1798 681 1874 tatem
711 1800 767 1862 sed
800 1798 859 1860 uisi
890 1798 923 1860 id
955 1817 976 1859 a
996 1797 1087 1860 Livio
1108 1797 1258 1877 scriptum
1281 1805 1376 1872 esset,
1396 1795 1581 1878 syllabarii

324 1896 358 1960 iu
387 1897 416 1960 P
448 1917 509 1960 nou
541 1898 634 1962 facile
665 1899 842 1963 manasset
895 1899 940 1960 lis
960 1917 1034 1960 vero
1055 1898 1207 1978 exemplis
1227 1898 1494 1961 adnumerandum
1517 1905 1580 1970 est,

325 1997 378 2058 ubi
400 2006 491 2078 parte
512 1999 600 2062 verbi
621 2000 737 2062 omissa
757 2000 860 2062 altera
880 2019 954 2080 pars
975 1998 1125 2060 derelicta
1146 2000 1315 2062 evanescit

407 2093 461 2172 47,
481 2100 503 2161 4
524 2109 666 2162 truncare
685 2101 714 2164 P
736 2120 776 2162 ex
797 2099 996 2174 correctione,
1027 2119 1100 2162 nam
1127 2099 1160 2161 in
1187 2101 1289 2180 prima
1309 2100 1465 2180 scriptura
1486 2107 1578 2158 traa-

325 2218 416 2260 acase
437 2198 514 2281 (uon
535 2209 755 2274 ammomum,
777 2209 812 2263 ut
833 2202 930 2262 refert
950 2199 1077 2283 Alsch.)
1099 2201 1186 2281 prius
1206 2223 1229 2262 u
1248 2201 1410 2262 inductum
1433 2207 1493 2272 est,
1521 2199 1577 2260 sed

326 2299 421 2362 etiam
450 2321 588 2382 usupra
618 2302 779 2382 scriptum,
811 2302 859 2362 ita
885 2309 923 2362 ut
948 2311 1128 2364 muare
1152 2301 1288 2364 voluisse
1315 2302 1460 2363 rideatur
1481 2319 1523 2362 m.
1545 2301 1576 2364 2.

325 2398 425 2484 (quod
447 2421 503 2482 pro
524 2404 658 2482 genuina
678 2403 811 2466 lectione
833 2403 920 2465 dedit
938 2401 1064 2485 tiron).
1087 2412 1267 2465 muare
1287 2402 1348 2464 cm
1370 2400 1578 2464 GrumDrak.

325 2499 396 2564 Als.
417 2502 509 2566 st.
532 2504 581 2565 ed.
605 2505 631 2566 1.
653 2513 867 2566 transactam
890 2504 918 2564 l.
939 2504 970 2564 3.
992 2504 1076 2583 llog.
1097 2503 1173 2565 Ald.
1194 2505 1288 2566 Frob.
1315 2503 1408 2566 Grut
1436 2501 1578 2564 Tauolnn.

325 2601 423 2664 Moris
456 2611 525 2666 erat
558 2605 729 2668 scribarum
761 2614 890 2666 tmere
921 2604 971 2666 rel
999 2603 1032 2665 in
1059 2611 1224 2666 tnnsnam
1254 2604 1304 2667 vel
1325 2604 1356 2664 iu
1378 2610 1579 2665 transnatare

326 2710 457 2766 vertere.
511 2704 561 2768 Of.
583 2725 663 2788 quae
685 2705 834 2768 adnotavi
860 2705 893 2766 in
919 2703 1094 2768 collatione
1115 2705 1253 2768 ecdicum
1277 2703 1422 2768 Caesaris
1443 2703 1484 2765 ad
1506 2721 1579 2783 pag.

325 2801 368 2866 26
387 2822 418 2866 v.
442 2805 491 2868 10.

409 2899 462 2980 47,
483 2906 504 2970 5
518 2904 656 2993 fumet
676 2907 746 2970 cdd.
768 2908 895 2990 quidam
916 2907 1115 2981 recentiores,
1135 2908 1222 2988 llvg,
1242 2907 1318 2969 wfl.
1333 2904 1468 2992 fluerem
1478 2903 1579 2986 Gryn.

330 3005 431 3070 Bheu.
453 3006 546 3070 Grut.
568 3007 665 3071 Gron.
692 3007 790 3070 Druk.
817 3008 939 3071 Stroth.
966 3007 1094 3094 suerint
1121 3007 1175 3070 PG
1199 3008 1227 3069 l.
1248 3008 1279 3068 3.
1300 3008 1384 3087 llog.
1406 3005 1481 3068 Alo.
1503 3005 1580 3068 Sob.

332 3106 422 3172 Creu.
443 3108 522 3170 Pub.
544 3107 620 3171 Blr.
641 3107 712 3172 Als.
733 3108 825 3171 st.
845 3109 905 3170 Ha.
948 3107 998 3171 Ob
1019 3109 1063 3183 id,
1084 3109 1164 3189 quod
1187 3108 1300 3188 praeit,
1321 3107 1510 3170 eccene-iat
1528 3106 1582 3168 la-

332 3209 390 3274 cile
411 3209 495 3276 laisa
515 3209 689 3276 imitatione
711 3208 860 3290 scriptum
884 3217 933 3273 est
947 3208 1092 3296 sutriam
1112 3229 1184 3272 nam
1206 3209 1299 3271 aliter
1320 3208 1412 3289 paulo
1434 3215 1509 3270 ante
1531 3207 1580 3268 di·

332 3310 504 3374 citurmix
525 3311 617 3376 fidem
639 3310 799 3384 fecerint»,
820 3330 882 3392 qua
903 3311 996 3373 dere
1017 3311 1080 3373 vid.
1102 3313 1143 3373 ad
1165 3330 1192 3372 o.
1213 3308 1266 3385 38,
1286 3307 1307 3372 9
1328 3309 1441 3372 norint

415 3406 467 3487 47,
488 3409 509 3474 6
530 3411 646 3495 equites
678 3409 899 3496 Hispanorum
930 3411 1090 3496 cupeditoa
1115 3411 1319 3496 praemissos,
1352 3411 1391 3472 cf.
1413 3411 1465 3483 22,
1486 3408 1581 3483 55,4

333 3513 453 3594 equites
476 3512 637 3592 expeditos
659 3558 668 3574 .
691 3557 699 3573 .
722 3512 900 3575 mittendos.
942 3512 1039 3575 Nulla
1066 3531 1161 3576 causa
1188 3511 1288 3574 allata
1308 3511 1401 3573 st.
1425 3511 1473 3572 ed.
1495 3509 1524 3573 6.
1547 3517 1581 3572 et

332 3614 408 3696 llvg
429 3615 477 3676 ed.
500 3614 530 3676 3.
552 3623 581 3676 et
602 3620 674 3694 post
694 3613 811 3696 equites
831 3614 961 3676 addunt
1003 3613 1058 3676 Sic
1079 3613 1174 3676 etiam
1195 3612 1270 3674 Wll.

415 3709 467 3788 47,
489 3707 509 3776 7
531 3714 617 3778 circa
637 3713 728 3776 Poll
748 3714 814 3776 rell.
839 3715 866 3776 1.
889 3715 919 3776 3.
941 3713 1017 3776 Aac
1038 3714 1114 3778 Ald.
1136 3713 1209 3776 min.
1230 3712 1329 3775 Drak.
1357 3711 1421 3774 Str.
1449 3710 1579 3774 Mauulr.

332 3814 414 3896 Rup.
445 3814 521 3895 Blr.
554 3813 623 3876 Als.
651 3814 741 3877 st.
768 3815 854 3896 Mvg.
882 3816 931 3878 ed.
964 3817 989 3876 l.
1011 3815 1087 3878 wfl.
1109 3815 1191 3877 citra
1211 3811 1580 3894 uop.Ald.mai.1un.

333 3915 407 3980 Sob.
429 3918 454 3980 F
456 3915 522 3980 rob.
543 3915 686 3978 Francof.
709 3914 801 3978 Grut.
823 3915 920 3980 Grou.
943 3916 1032 3980 Crev.
1053 3917 1129 3997 Mug
1150 3916 1199 3978 ed.
1220 3916 1251 3976 3.
1284 3914 1347 3977 Gur
1368 3921 1504 3976 veterem
1517 3913 1583 3976 lec-

333 4018 460 4092 tionem,
482 4035 573 4098 quam
597 4015 649 4078 diu
672 4017 877 4096 postpositam
892 4017 1075 4080 restituerat
1086 4017 1214 4079 tandem
1225 4013 1458 4087 Drakenborch,
1480 4015 1581 4077 deuuo

333 4117 505 4200 neglexerit
525 4116 664 4199 Madvig,
685 4116 766 4182 hauc
786 4117 937 4182 rationem
960 4118 1097 4182 breviter
1117 4117 1235 4180 reddit:
1268 4116 1334 4178 ced.
1355 4115 1497 4195 Moguut
1525 4116 1581 4178 clr.

333 4217 443 4301 §uin
467 4217 607 4281 citeriore
628 4217 707 4298 ripe,
728 4217 780 4292 48,
801 4218 822 4281 6
844 4218 924 4282 citra
944 4218 1085 4282 flumen».
1134 4217 1227 4288 Quod
1257 4215 1417 4279 Hannibal
1449 4223 1515 4278 tum
1548 4214 1580 4278 iu

334 4319 474 4383 citeriore
495 4318 564 4399 ripa
585 4317 665 4380 Padi
687 4319 817 4396 (rectius
839 4319 954 4401 Ticini)
981 4327 1047 4382 tum
1071 4321 1150 4382 citra
1170 4316 1316 4381 Trebiam
1345 4315 1459 4380 milites
1481 4324 1582 4380 ratem

333 4421 490 4484 solventes
513 4426 639 4499 ceperat
659 4419 720 4482 huo
741 4439 800 4483 nou
823 4420 968 4501 pertinet.
1012 4421 1120 4502 Neque
1142 4421 1190 4483 ed.
1213 4419 1295 4499 lllog.
1317 4418 1348 4480 in
1362 4417 1421 4480 hoc
1432 4417 1581 4480 vocabulo

334 4522 458 4585 maioris
480 4520 551 4584 fidei
574 4527 623 4582 est
645 4539 736 4600 quam
760 4522 853 4601 paulo
876 4529 960 4594 ante,
983 4522 1034 4584 ubi
1056 4521 1154 4584 habet
1175 4538 1229 4584 »eo
1251 4537 1320 4582 cum
1342 4518 1475 4598 Mugoue
1493 4517 1582 4598 equi·

333 4630 400 4685 teo»
423 4632 481 4686 cet.
523 4620 576 4684 Ab
609 4628 740 4702 unaque
772 4630 862 4702 perte
894 4622 1029 4686 fluminis
1049 4620 1270 4694 Hannibalem,
1291 4627 1358 4682 tum
1380 4618 1487 4680 statim
1511 4626 1583 4698 post

334 4723 493 4786 victoriam
528 4728 650 4802 partam
684 4731 749 4788 tum
784 4731 855 4803 post
887 4725 1053 4787 transitum
1087 4721 1183 4796 Padi,
1216 4719 1387 4802 legationes
1419 4718 1581 4781 Gallorum

334 4823 489 4886 audivisse
512 4823 627 4886 diserte
649 4831 757 4886 namet
778 4823 927 4906 Polybius
949 4825 979 4899 3,
1001 4823 1052 4888 66.
