3584 5632
346 609 385 662 62
631 608 831 678 Epilegomene
852 608 888 661 ad
912 607 943 662 T.
967 606 1038 664 Livii
1061 607 1165 662 librum
1186 605 1317 674 primum.

345 779 397 842 nbi
425 778 593 858 scripserat
621 778 728 841 Livius
756 799 803 840 me
825 778 891 852 etei,
921 779 1037 841 excidit
1059 778 1192 842 alterum
1215 799 1240 852 e,
1263 797 1323 860 qno
1345 780 1429 841 iacto
1452 787 1465 840 t
1488 797 1609 840 evane-

345 887 450 942 scente
473 878 597 940 exstitit
618 881 648 942 in
673 880 741 940 cdd.
765 879 922 958 cisalpinis
946 879 1124 960 vulgaribus
1147 901 1194 940 me
1215 880 1253 941 ei.
1297 879 1343 942 Ut
1364 879 1480 942 omissa
1502 878 1606 942 vocali

344 980 467 1061 peribat
502 999 646 1053 consona,
674 981 719 1042 sic
750 980 853 1042 aliena
874 981 973 1042 vocali
996 980 1233 1060 superveniente
1255 980 1286 1042 in
1310 981 1416 1042 eodem
1439 981 1535 1042 verbo
1559 981 1609 1042 le·

344 1081 431 1144 rendi
454 1081 469 1142 f
489 1081 678 1161 geminatum
702 1087 750 1142 est
774 1081 801 1154 l,
824 1083 874 1154 23,
898 1075 927 1154 7,
950 1082 1002 1142 nbi
1025 1100 1178 1164 propone
1201 1091 1228 1143 te
1245 1080 1336 1166 ferre
1350 1081 1384 1143 M
1398 1081 1497 1143 habet
1509 1090 1608 1165 procl

344 1181 462 1266 efferre.
506 1181 701 1262 Exstirpatio
729 1181 784 1244 illa
811 1181 941 1244 alterius
968 1182 1085 1244 vocalis
1108 1201 1337 1263 nonnumquam
1361 1181 1535 1262 graviorem
1558 1182 1609 1244 la-

344 1284 414 1346 bem
449 1282 566 1357 effecit3
599 1302 658 1365 qno
692 1283 781 1344 modo
810 1277 956 1358 4‚14‚v
984 1282 1066 1346 estod
1093 1283 1123 1346 in
1153 1283 1230 1345 libro
1258 1283 1408 1363 rescripto
1430 1283 1609 1346 Veronensi

345 1383 457 1446 indicio
481 1401 548 1444 esse
570 1383 709 1463 suspicor
731 1384 882 1464 genuinae
905 1384 1077 1464 scripturae
1099 1393 1178 1446 »esto
1201 1383 1238 1446 ob
1260 1384 1424 1446 liberatam
1443 1402 1509 1446 rem
1524 1384 1608 1464 pub-

346 1485 465 1548 licam».
509 1483 673 1547 Dissoluta
695 1493 799 1546 autem
823 1484 1063 1566 praepositione,
1086 1485 1172 1548 cuins
1194 1492 1318 1547 tanturn
1342 1485 1371 1546 in
1388 1485 1607 1566 antiquissimo

345 1586 399 1648 illo
433 1585 536 1648 codice
567 1585 732 1666 vestigium
762 1586 887 1659 mansit,
915 1586 1112 1648 accusativus
1141 1605 1271 1667 qnoque,
1295 1587 1345 1666 qni
1369 1605 1407 1648 ea
1427 1587 1607 1666 regebatur,

347 1685 487 1766 dilapsos
510 1693 567 1748 est.
611 1687 771 1749 Interdum
794 1687 922 1748 verbum
945 1687 1118 1766 proximum
1141 1687 1285 1750 idoneum
1309 1696 1387 1762 erat,
1406 1687 1454 1749 cni
1470 1704 1606 1748 consona

347 1787 423 1849 orbe
456 1795 682 1860 annecteretur,
716 1795 751 1849 ut
778 1787 868 1860 54,1
898 1798 974 1849 esser
1001 1789 1032 1850 in
1061 1787 1203 1850 omuibus
1226 1789 1293 1850 cdd.
1318 1795 1434 1862 exstat,
1457 1807 1516 1869 qno
1539 1788 1606 1850 loco

347 1909 411 1950 esse
428 1897 456 1950 et
478 1889 590 1950 lucrat.

431 1989 594 2052 Patienter
633 1989 766 2052 editores
803 1990 976 2072 antiquitus
1009 1990 1158 2053 traditam
1192 1990 1388 2055 retinuerunt
1420 1990 1605 2070 scripturam

348 2089 510 2152 machinos
537 2090 571 2150 in
600 2088 677 2152 bello
699 2089 832 2176 ferrent,
867 2091 1009 2172 quamvis
1038 2092 1075 2154 de
1103 2090 1360 2171 interpretatione
1383 2091 1468 2154 dubii
1491 2090 1607 2152 fuerint

348 2199 405 2254 aut
432 2191 675 2272 desperaverint.
719 2193 789 2256 Non
818 2192 898 2255 enim
927 2192 1019 2255 aliter
1040 2191 1091 2255 hic
1105 2191 1230 2278 serent
1252 2192 1368 2254 dictum
1393 2211 1460 2255 esse
1482 2197 1608 2272 poterat

350 2311 441 2375 qnam
464 2285 516 2366 27,
540 2291 589 2366 lb,
611 2290 631 2354 6
654 2293 813 2356 machinas
836 2294 998 2375 scalasque
1021 2294 1060 2356 ad
1083 2312 1186 2357 muros
1209 2295 1326 2356 ferrent
1348 2292 1404 2378 (cl.
1426 2293 1501 2356 Hor.
1517 2292 1606 2372 epod.

349 2393 444 2469 9,13
471 2395 533 2456 lert
559 2393 675 2456 vallum
705 2402 738 2458 et
766 2413 854 2458 arma
883 2392 997 2478 miles),
1028 2401 1064 2456 ut
1092 2395 1215 2458 omnino
1238 2402 1288 2457 ast
1308 2401 1443 2475 portare,
1466 2393 1606 2457 baiulare

349 2495 399 2559 vel
427 2515 542 2576 gerere,
572 2495 659 2558 velut
688 2496 714 2570 l,
736 2497 787 2569 20,
809 2496 830 2558 4
859 2496 937 2559 Salii
966 2496 1079 2560 ancilia
1100 2497 1190 2570 ferre,
1215 2497 1243 2570 l,
1265 2497 1316 2570 32,
1342 2497 1380 2559 12
1402 2495 1527 2558 fetiales
1549 2494 1608 2556 ha·

350 2605 432 2660 stam
466 2597 614 2660 ferratam
649 2598 688 2659 ad
722 2599 798 2660 lines
831 2597 965 2660 hostiurn
1001 2599 1080 2660 ferre
1111 2598 1303 2660 dicebantur.
1348 2595 1438 2668 Quod
1460 2597 1519 2659 hoc
1542 2596 1607 2658 loco

350 2715 425 2762 sane
453 2698 581 2761 ridicule
609 2697 771 2762 diceretur.
815 2698 932 2762 Scribit
960 2698 1135 2764 Gulielmus
1164 2700 1205 2761 M.
1235 2699 1328 2762 Gunn
1357 2699 1389 2760 in
1412 2697 1528 2762 notulis
1550 2715 1607 2758 an-

351 2799 452 2882 glicis:
486 2798 643 2873 ›eFervent
672 2801 719 2862 for
745 2799 843 2863 which
860 2798 1015 2886 facerent,
1031 2799 1205 2887 fenerent,
1228 2801 1290 2863 and
1312 2798 1377 2884 (lor
1398 2800 1433 2861 ia
1454 2797 1543 2874 hello,
1566 2797 1608 2860 nd

351 2898 445 2981 bello)
473 2911 638 2985 parerent,
671 2900 750 2962 have
779 2902 855 2963 been
880 2902 1042 2982 proposed,
1064 2910 1150 2965 must
1170 2903 1208 2964 be
1232 2903 1307 2964 used
1329 2901 1402 2964 here
1424 2901 1456 2963 in
1478 2900 1533 2962 the
1555 2906 1609 2962 not

352 3020 534 3066 uneommon
567 3021 657 3066 sense
686 3003 719 3064 of
745 3001 1008 3086 sappeditarent».
1054 3002 1203 3066 Schelleri
1233 3011 1281 3064 est
1303 3002 1480 3066 coniectura
1495 3000 1608 3087 ferro—

351 3111 429 3175 reat,
458 3103 477 3164 i.
501 3123 537 3168 e.¹
551 3103 631 3166 ferro
654 3103 843 3166 obducerent
865 3124 889 3165 s.
913 3111 1081 3178 mutarent,
1108 3104 1250 3186 Rupertii
1274 3104 1325 3166 ein
1347 3101 1427 3166 bella
1448 3101 1495 3187 (in
1520 3119 1607 3165 nsum

352 3203 518 3285 bellorum)
535 3214 719 3288 parerent»,
743 3203 841 3284 Lipsii
863 3205 995 3286 deniqne
1012 3204 1167 3291 facereret,
1183 3207 1263 3287 qnod
1278 3204 1424 3286 probavit
1437 3203 1608 3278 Draheub,

352 3306 383 3366 in
415 3312 593 3368 contextum
623 3305 707 3368 solus
735 3305 854 3388 recepit
881 3306 921 3368 H.
944 3307 969 3367 l.
993 3307 1133 3370 Mueller.
1177 3305 1328 3388 Madvigii
1354 3305 1385 3368 in
1409 3305 1456 3368 ed.
1479 3307 1509 3368 2.
1532 3305 1607 3366 haec

353 3413 402 3468 est
429 3405 546 3486 opinio:
579 3407 665 3469 »Ant
693 3427 759 3469 cum
788 3406 895 3488 Lipsio
916 3405 1063 3492 facerent
1085 3415 1142 3470 aut
1162 3417 1197 3470 ut
1217 3406 1381 3470 machinae
1395 3405 1512 3495 fierent
1532 3405 1607 3468 scri-

262 3517 265 3528 ’
352 3507 486 3570 bendum
514 3507 669 3583 videtum
700 3507 825 3587 scripsit
847 3515 952 3570 antem
974 3507 1129 3594 †serreat.
1172 3509 1240 3572 Hoc
1262 3527 1337 3572 sane
1359 3527 1488 3570 novum:
1512 3507 1608 3570 labris

354 3607 464 3670 datum
485 3629 607 3682 meaos,
630 3607 848 3671 armachanae
870 3609 904 3670 in
926 3607 1004 3673 bello
1019 3609 1142 3696 fierent.
1187 3610 1302 3674 Munus
1323 3609 1418 3691 igitur
1439 3608 1608 3680 hominum,

353 3709 418 3772 sive
448 3711 630 3771 mandatnm
653 3710 893 3793 exsequendum,
917 3701 983 3772 ease
1006 3730 1097 3791 posse
1120 3731 1179 3774 non
1202 3711 1300 3773 solnm
1324 3710 1441 3792 aliquid
1464 3710 1609 3782 lacere,

355 3811 409 3874 sed
443 3809 536 3872 etiam
571 3811 687 3892 aliquid
721 3811 822 3874 fieri.
867 3811 902 3874 Si
930 3812 968 3873 de
992 3812 1112 3874 labrum
1136 3811 1283 3875 centuriis
1305 3811 1482 3891 scripsisset
1502 3809 1610 3872 Livius

353 3908 515 3973 machinor
539 3909 684 3996 facerent
713 3911 934 3996 (antecedente
964 3914 1069 3975 ecdem
1093 3914 1188 3976 verbo
1210 3913 1369 3997 stependio
1384 3909 1557 3997 facerent),
1579 3911 1609 3973 id

353 4031 413 4074 non
447 4012 539 4074 facile
569 4013 600 4074 in
628 4011 753 4099 ferrent
785 4020 941 4074 mutatum
970 4021 1062 4076 esset.
1106 4015 1270 4078 Machmas
1302 4013 1433 4094 denique
1455 4013 1526 4075 illas
1549 4031 1607 4074 non

355 4112 486 4191 primum
516 4133 553 4176 ac
579 4114 745 4196 praecipue
766 4113 798 4174 in
820 4112 887 4193 ipso
910 4114 991 4176 bello
1014 4115 1258 4197 fabricabantur.
1302 4115 1371 4178 Non
1395 4114 1518 4195 quidem
1535 4111 1609 4200 fer-

353 4222 433 4286 veret,
465 4215 519 4276 sed
554 4214 700 4298 offerrent
728 4233 796 4277 eam
825 4213 922 4276 habet
943 4214 1017 4289 vim,
1040 4235 1132 4298 qnam
1155 4215 1278 4298 quaerit
1299 4213 1404 4290 Gunn,
1427 4213 1610 4296 suppedita-

355 4322 441 4377 rent:
471 4323 520 4377 est
547 4316 628 4378 enim
656 4323 853 4398 praesentem
875 4315 985 4378 sistere
1008 4315 1095 4401 (Ter.
1118 4318 1194 4380 Hec.
1216 4317 1247 4391 5,
1269 4317 1299 4390 3,
1324 4318 1362 4378 10
1384 4322 1557 4397 opportune
1578 4321 1609 4376 te

355 4413 473 4500 offers),
495 4423 638 4496 paratum
662 4417 788 4490 habere,
811 4416 996 4491 ministrare,
1019 4418 1128 4481 afferre
1150 4416 1202 4502 (ut
1224 4437 1313 4499 opem
1337 4425 1370 4480 et
1391 4416 1540 4480 auxilium
1563 4415 1609 4477 ol-

356 4516 462 4598 ferre),
494 4517 624 4598 ideoque
656 4537 752 4600 prope
786 4517 907 4580 accedit
934 4521 973 4580 ad
996 4518 1252 4600 significationem
1274 4518 1358 4582 illins
1379 4517 1476 4592 verbi,
1498 4537 1559 4599 quo
1580 4516 1609 4578 in

358 4615 416 4678 hac
444 4637 477 4680 re
504 4617 603 4682 utitur
631 4619 800 4702 Dionysius
829 4615 875 4700 (4,
901 4615 954 4700 17)
977 4618 1065 4699 λόχοι
1087 4620 1144 4684 dn'o
1166 4615 1355 4684 ὁπλοποιῶν
1377 4623 1484 4682 τεκαὶ
1506 4615 1608 4681 maeri-

358 4737 424 4782 ναν
446 4724 501 4780 καὶ
522 4721 585 4780 reio
608 4719 717 4784 ἄλλων
738 4724 801 4782 soie
822 4719 1122 4794 κατασκευαζόντων
1144 4719 1183 4784 rol
1204 4722 1248 4796 εἰς
1268 4720 1324 4787 τὸν
1342 4720 1484 4803 πόλεμον
1498 4719 1607 4804 εὔχρη-

355 4833 424 4882 στα.
467 4820 681 4886 Machinarum
705 4821 911 4904 potissimum,
939 4841 1018 4903 quae
1041 4825 1081 4888 ad
1104 4825 1219 4888 bellum
1243 4825 1336 4888 utiles
1359 4833 1473 4898 essent,
1495 4843 1611 4906 paran-
