3574 5632
375 632 392 690 4
571 631 768 709 lipilegomena
790 631 826 694 ad
849 637 879 694 T.
905 631 975 695 Livii
999 633 1101 694 librum
1126 633 1284 696 vicesimum
1308 635 1437 711 primam.

375 810 451 894 (non
474 821 580 874 »aaa
602 831 735 883 eorum»,
758 821 794 873 ut
815 813 911 874 refert
932 811 1028 896 Ala).
1052 823 1227 876 cartoerum
1248 811 1340 876 urbes
1361 816 1405 876 M.
1440 811 1634 876 Cartborum

374 911 466 974 urbes
488 914 515 974 l.
539 914 568 976 3.
591 914 666 975 Asc.
688 912 762 974 Ald.
788 909 984 975 Cartciorum
1006 913 1098 976 urbae
1118 915 1202 995 Mog.
1225 915 1298 977 Ald.
1328 915 1400 976 mai.
1430 913 1504 977 Sob.
1532 913 1629 978 arua

373 1011 466 1075 nrbes
486 1013 581 1076 Gran.
604 1013 702 1076 Drak.

457 1129 486 1204 6,
517 1131 531 1191 l
568 1128 640 1192 belli
673 1151 768 1192 eausa
802 1131 973 1192 certamina
1001 1132 1069 1193 edd.
1094 1130 1166 1194 belli
1188 1154 1292 1194 causa.
1339 1130 1519 1195 Certamina
1542 1133 1629 1213 Mvg.

373 1231 493 1293 Bellum
523 1233 657 1293 nondum
688 1239 764 1304 erat,
798 1232 851 1293 sed
874 1231 935 1292 iarn
960 1233 1167 1312 quaerebatur
1190 1253 1286 1294 causa
1308 1233 1381 1294 belli
1405 1233 1630 1295 certaminibus

374 1332 511 1394 serendis
546 1351 612 1393 cum
647 1331 786 1394 finitimis
820 1331 1074 1412 Saguntinorum.
1122 1331 1210 1395 Belli
1231 1355 1327 1396 causa
1350 1333 1521 1396 certamina
1544 1353 1629 1395 sere-

374 1434 488 1495 bantur
509 1433 556 1494 ita
578 1433 693 1494 dictum
718 1439 775 1505 est,
799 1441 835 1494 ut
857 1433 1051 1512 appositione
1074 1433 1129 1494 illa
1158 1435 1382 1507 enuntiaretur,
1413 1454 1471 1516 quo
1499 1435 1628 1496 consilio

374 1553 440 1595 cum
465 1533 603 1595 finitimis
626 1517 801 1595 sererentur
823 1533 1002 1598 certamina.

456 1651 529 1724 6,6
558 1660 654 1713 toturn
688 1651 721 1710 in
755 1649 951 1734 Hispaniam
973 1687 1013 1695 -
1036 1652 1233 1713 intenderant
1267 1649 1389 1723 bellum,
1423 1671 1459 1713 ac
1483 1652 1625 1714 nimirum

373 1752 415 1813 ibi
449 1752 664 1813 tantummodo
698 1751 864 1832 gerendum
895 1752 1072 1813 censebant.
1118 1751 1207 1823 Quod
1231 1753 1378 1814 distincte
1401 1751 1515 1815 addere
1538 1753 1627 1814 Livio

372 1872 433 1914 non
457 1873 534 1932 opus
557 1853 626 1926 fuit,
650 1852 700 1914 ubi
723 1851 873 1914 indicavit
896 1853 1072 1927 dumtaxat,
1096 1853 1223 1916 consilia
1246 1873 1348 1915 eorum
1374 1870 1452 1934 quae
1483 1853 1625 1915 fuissent.

374 1951 475 2023 Quam
499 1973 562 2016 rem
588 1953 687 2014 minus
711 1952 941 2013 considerantes
964 1973 1022 2014 non
1047 1954 1145 2015 solum
1162 1962 1283 2016 veteres
1296 1954 1440 2028 editores,
1463 1955 1625 2016 sedetiam

375 2053 498 2134 quidam
535 2053 812 2116 recentissimorum
843 2053 952 2114 relicta
975 2054 1113 2116 codicum
1136 2055 1291 2135 scriptura
1312 2053 1512 2116 intendebant
1535 2074 1627 2136 prae-

374 2155 521 2217 tulerunt.

457 2271 486 2345 8,
509 2273 529 2334 4
551 2270 698 2334 distineri
720 2273 818 2356 coepti
840 2293 902 2334 non
924 2271 1124 2359 sufficiebant
1151 2273 1218 2356 (ubi
1248 2275 1308 2336 OM
1335 2274 1408 2335 dist.
1433 2274 1534 2358 coepti
1556 2284 1627 2334 sunt

374 2395 435 2436 non
457 2372 543 2458 suff.)
566 2373 812 2435 Weissenbornii
835 2381 884 2435 est
909 2373 1094 2448 coniectura,
1118 2393 1208 2455 quam
1233 2375 1392 2456 vituperat
1414 2375 1542 2455 Madvig
1558 2376 1626 2437 Em.

373 2475 441 2537 Liv.
465 2477 512 2537 ed.
536 2476 565 2535 2.
589 2494 618 2553 p.
642 2468 703 2534 257
727 2473 909 2535 existimans
933 2474 1023 2535 nimis
1047 2475 1196 2537 dissolute
1225 2475 1302 2538 haec
1331 2476 1413 2555 poni,
1446 2476 1510 2548 illo,
1545 2477 1625 2556 quod

374 2576 522 2657 sequitur,
557 2576 661 2658 itaqua
694 2575 733 2634 ed
768 2574 930 2655 sequentia
962 2582 1073 2647 tracto,
1107 2585 1217 2656 postea
1244 2577 1311 2655 ipse
1339 2577 1509 2656 assumpsit
1532 2584 1626 2658 atque

374 2677 479 2760 itaqua
512 2677 551 2737 ad
586 2675 748 2755 sequentia
781 2675 887 2736 traxit.
942 2675 1028 2736 Ante
1056 2675 1231 2738 Bekkerurn
1260 2684 1292 2738 et
1319 2677 1551 2739 Alschefskium
1584 2677 1627 2738 sic

375 2777 547 2858 antiquitus
570 2775 745 2856 legebatur:
770 2775 926 2837 »distineri
951 2773 1050 2856 coepti
1074 2786 1161 2839 sunt:
1185 2787 1216 2839 et
1239 2798 1298 2839 non
1322 2777 1529 2839 sufficiebant.
1558 2779 1625 2839 Iam

375 2878 453 2939 enim
478 2877 685 2939 feriebantur»
710 2883 767 2938 cet.
812 2877 977 2938 Monuerat
1009 2884 1113 2939 tamen
1145 2877 1321 2940 Gronovius
1343 2898 1505 2959 percussos
1529 2879 1626 2940 ariete

376 2997 478 3040 muros
512 2998 570 3040 non
603 2978 716 3038 iustam
753 2997 877 3038 causam
908 2978 1012 3050 fuisse,
1049 2998 1102 3039 cur
1134 2979 1281 3059 oppidani
1303 2999 1412 3060 parum
1437 2979 1625 3042 sufficerent.

375 3078 545 3140 Nesciebat
566 3077 707 3139 meliores
731 3078 797 3139 cdd.
822 3098 881 3139 non
904 3079 969 3139 iana
991 3079 1083 3154 enim,
1106 3081 1159 3141 sed
1183 3080 1287 3164 itaque
1309 3081 1374 3142 iam
1396 3080 1520 3142 habere.

459 3196 490 3271 8,
516 3197 536 3258 5
566 3196 772 3280 prociderunt
805 3196 942 3257 codicum
970 3205 1018 3258 est
1046 3197 1209 3277 scriptura,
1227 3197 1434 3282 prociderant
1457 3197 1625 3260 editionum

377 3307 450 3360 ante
483 3297 727 3370 Alschefskium,
760 3317 796 3358 ac
824 3297 869 3357 sic
900 3298 1031 3360 fortasse
1055 3297 1248 3360 scribendum
1273 3298 1443 3361 arbitratur
1465 3299 1625 3360 Woelfflin

376 3398 672 3481 plusquamperfecti
707 3397 920 3478 praecedentis
949 3405 1092 3477 respectu
1121 3398 1238 3461 habito.
1282 3399 1359 3461 Eam
1385 3407 1489 3460 autem
1514 3419 1626 3460 conve-

377 3500 525 3562 nientiam
561 3519 619 3561 non
654 3518 775 3578 semper
809 3498 964 3560 observari
999 3499 1141 3580 exempla
1171 3499 1346 3573 docentia
1370 3500 1480 3581 quibus
1503 3502 1533 3573 2,
1558 3501 1627 3574 l,2

377 3599 466 3670 Quae
490 3602 617 3662 libertas
641 3608 675 3660 ut
698 3599 809 3661 laetior
831 3607 924 3672 esset,
946 3600 1078 3679 proximi
1101 3599 1181 3682 regis
1194 3601 1339 3682 superbia
1362 3601 1521 3662 fecerat.
1544 3601 1624 3662 Nanr

377 3701 493 3782 priores
515 3701 561 3762 ita
583 3708 812 3780 regnarunt,
834 3707 870 3761 ut
892 3708 951 3761 cet.

459 3818 489 3893 8,
511 3817 531 3881 9
554 3817 720 3904 confertim
743 3818 813 3891 CM,
838 3819 917 3898 quod
941 3817 993 3879 diu
1004 3818 1157 3899 integrum
1171 3820 1364 3882 servabatur.
1388 3818 1522 3905 conserti
1533 3819 1624 3880 scribi

375 3921 466 3984 iussit
499 3919 606 3993 Gron,
640 3919 687 3980 cui
718 3918 807 3980 multi
830 3926 946 3980 temere
969 3928 1154 3999 paruerunt;
1188 3940 1259 3982 nam
1282 3939 1357 4001 pree
1380 3920 1449 3982 aliis
1472 3920 1627 3982 adverbiis

376 4021 550 4103 frequentia
583 4022 664 4100 apud
698 4020 820 4082 Livium
855 4027 938 4092 sunt,
972 4040 1050 4100 quae
1079 4021 1109 4082 in
1132 4022 1190 4082 -im
1215 4029 1340 4094 exeunt,
1374 4021 1450 4082 adeo
1474 4028 1509 4082 ut
1532 4021 1625 4083 etiam

376 4143 456 4184 nova
477 4122 634 4202 fingantur
657 4120 823 4202 (punctim,
846 4121 996 4200 pagatim,
1018 4121 1228 4205 regionatim).
1278 4121 1447 4184 Confertim
1472 4141 1543 4184 vero
1567 4141 1625 4183 non

376 4232 423 4286 est
447 4241 568 4286 novum.
592 4220 838 4307 —pugnabant
871 4219 965 4283 Gron.
1000 4221 1225 4306 oppugnabant
1258 4223 1301 4284 M.
1330 4221 1559 4306 pugnabantur
1591 4222 1625 4287 0.

373 4309 577 4410 pugnabatur
599 4323 623 4386 G
646 4343 685 4386 m.
709 4325 737 4384 2.
762 4321 833 4402 (non
859 4322 883 4384 C
906 4341 945 4382 m.
971 4323 1009 4398 1.,
1032 4333 1067 4386 ut
1089 4324 1231 4403 perhibet
1242 4322 1449 4406 Alschefski),
1468 4324 1537 4386 edd.
1553 4329 1626 4386 aute

376 4426 471 4490 Gran.
495 4423 586 4494 Quod
609 4425 748 4505 sequitur
770 4423 908 4496 verbum,
931 4421 1186 4500 vulnerabantur,
1210 4424 1418 4488 confusionem
1442 4423 1559 4486 effecit.

459 4541 488 4615 8,
515 4544 551 4602 10
568 4538 739 4624 phalarica
762 4549 793 4601 et
809 4539 955 4626 falarica
978 4544 1062 4604 varie
1085 4543 1294 4617 scribebatur;
1327 4542 1372 4604 illi
1395 4541 1555 4622 scriptioni
1578 4543 1626 4602 ia-

375 4653 449 4706 vent
472 4643 542 4714 CM,
564 4642 635 4702 huie
657 4643 726 4703 edd.
750 4649 823 4702 ante
846 4641 953 4702 Alsob.
978 4643 1082 4706 Etiam
1105 4644 1155 4716 34,
1182 4644 1229 4715 14,
1255 4644 1290 4704 ll
1315 4643 1517 4716 olimomnes,
1535 4641 1624 4704 bodie

374 4745 485 4808 saltem
516 4744 611 4804 Hertz
646 4750 677 4804 et
709 4743 799 4804 st.
828 4740 981 4828 falaricis
1017 4745 1166 4816 scribunt,
1202 4751 1296 4825 atque
1325 4744 1418 4806 etiem
1442 4743 1472 4804 in
1496 4743 1625 4805 aliorum

374 4845 498 4924 seriptis
521 4843 627 4905 littera
649 4845 664 4904 f
684 4843 828 4905 usitatior
851 4842 946 4904 luisse
969 4846 1100 4906 videtur.
