3584 5632
479 625 679 698 [lpilegomens
700 626 736 681 ed
758 625 790 682 Τ.
814 623 886 682 Livii
909 624 1012 680 librum
1034 625 1165 694 primum.
1415 625 1451 680 ll

28 794 55 872 Z!
182 797 304 873 Hertz,
337 797 391 860 elii
424 799 524 862 monti
555 805 640 862 sunt.
685 797 732 860 At
759 797 804 860 sic
831 797 1001 878 compserat
1026 796 1187 862 librarius:
1216 805 1288 860 eant
1309 797 1457 860 omittant

183 897 274 983 quta
301 906 369 972 ott,
391 901 474 982 quod
497 899 648 982 corrigere
670 899 769 964 voluit
791 898 854 962 elia
878 917 998 974 monus,
1021 919 1101 980 quoe
1123 898 1254 980 nigriore
1280 903 1457 962 atramento

184 1019 254 1062 usa
285 1007 357 1080 post
389 1000 538 1064 omittant
570 1019 665 1082 supro
690 1019 813 1062 versum
843 999 966 1062 eddidit
988 999 1078 1063 douo.
1122 998 1170 1062 At
1192 999 1308 1062 nullom
1331 999 1455 1062 omnino

186 1101 287 1162 fidem
310 1119 378 1163 esee
400 1121 512 1164 manue
533 1101 625 1164 istius
648 1101 839 1164 correctriois
861 1120 957 1181 sopra
977 1101 1078 1175 docui,
1099 1109 1195 1182 atque
1207 1107 1341 1181 apparet
1352 1101 1455 1164 obiss-

188 1219 278 1264 mum
311 1199 363 1264 bio
396 1223 456 1266 non
490 1223 558 1266 esse
590 1203 745 1266 idoneum.
789 1201 858 1264 lbm
881 1202 940 1283 §4
968 1201 1186 1265 convenienter
1213 1221 1282 1266 oum
1304 1201 1354 1277 iis,
1376 1220 1455 1283 quoe

188 1302 315 1366 tradito
347 1309 447 1377 erant,
481 1303 676 1366 scribebatur
707 1301 916 1386 Principibus
945 1300 1035 1386 longe
1061 1301 1101 1365 ab
1129 1303 1221 1366 domo
1243 1302 1363 1377 escitis,
1386 1323 1455 1366 cum

189 1403 326 1486 primum
360 1405 418 1468 boo
450 1423 522 1466 vere
556 1405 721 1468 adnotavit
747 1403 856 1466 Alscb.
883 1425 921 1465 »a
942 1403 1053 1466 domo.-
1073 1405 1134 1478 Mo,
1157 1405 1238 1486 quod
1263 1403 1354 1467 avide
1377 1405 1456 1467 erri-

190 1512 328 1588 puerunt
361 1505 495 1568 editores
528 1505 604 1568 nihil
638 1511 782 1568 curantes
809 1503 896 1579 illud,
925 1505 1006 1587 quod
1028 1505 1059 1567 in
1083 1505 1195 1568 ceteris
1217 1506 1394 1580 constabat,
1416 1506 1456 1570 ab

193 1605 297 1670 domo.
341 1606 462 1668 Deinde
490 1606 548 1668 hoc
574 1605 704 1668 ediscit:
738 1606 791 1667 »ln
814 1607 849 1668 M
872 1605 1031 1668 exciderat
1048 1605 1263 1690 principibus,
1285 1607 1339 1670 sod
1364 1627 1403 1668 m.
1426 1609 1456 1670 2.

192 1707 224 1770 in
255 1725 350 1788 marg.
379 1707 521 1769 additum
551 1713 626 1768 est».
670 1705 772 1777 Quam
802 1725 908 1768 vocem
931 1705 991 1781 bic,
1014 1707 1102 1769 utin
1126 1707 1140 1790 ξ
1163 1706 1183 1770 6
1207 1705 1297 1780 bono,
1320 1709 1455 1788 posteri-

194 1827 248 1870 ore
271 1809 392 1870 demum
417 1808 483 1870 loco
504 1807 646 1870 additam
669 1827 737 1869 esee
759 1807 791 1870 in
815 1825 910 1888 marg.
934 1827 994 1870 non
1018 1815 1136 1881 narrat,
1160 1827 1222 1890 qua
1238 1807 1456 1889 ipsiusnegle-

194 1908 302 1990 gentis
335 1927 434 1988 paene
461 1907 563 1970 dicam
592 1915 718 1970 cautum
741 1915 801 1982 est,
823 1927 861 1970 ne
884 1908 942 1970 hoc
964 1927 1085 1990 qnoque
1108 1909 1174 1972 loco
1197 1910 1304 1972 eadem
1329 1928 1361 1971 re
1384 1929 1457 1989 per·-

197 2009 273 2072 moti
296 2009 431 2072 editores
454 2008 625 2072 orationem
648 2007 730 2070 Livii
752 2009 848 2071 talem
871 2009 1047 2083 redderent,
1070 2009 1172 2092 qualis
1193 2011 1224 2072 in
1247 2011 1282 2072 Μ
1304 2009 1457 2074 adiutrice

195 2129 290 2174 mauu
322 2111 461 2172 secunda
494 2117 611 2184 exstat,
644 2109 764 2172 scilicet
795 2109 902 2191 »longe
930 2131 950 2172 a
977 2111 1068 2174 domo
1101 2109 1292 2192 principibus
1320 2110 1456 2174 excitis».

195 2208 303 2292 Atque
335 2211 395 2274 boc
426 2211 494 2292 ipso
521 2209 600 2285 loco,
629 2229 688 2293 qno
716 2211 886 2290 repositum
910 2220 959 2274 est
981 2212 1071 2296 (post
1092 2211 1185 2274 domo
1206 2210 1349 2295 inquam)
1372 2211 1457 2276 exci-

195 2312 279 2374 disse
295 2310 502 2397 principibus
523 2319 590 2374 tum
614 2331 652 2373 ex
676 2329 711 2374 eo
733 2311 900 2374 verisimile
923 2312 968 2386 tt,
991 2314 1072 2394 qnod
1094 2312 1126 2374 in
1149 2313 1286 2375 transitu
1303 2314 1343 2374 ad
1361 2313 1456 2376 elium

195 2432 319 2476 versum
352 2413 384 2475 id
417 2413 541 2476 facilius
574 2411 680 2475 omisit
712 2412 856 2486 librarius
885 2412 941 2497 (cf.
970 2411 1000 2488 9,
1025 2413 1063 2474 12
1090 2413 1253 2496 insignem,
1283 2414 1332 2487 13,
1354 2416 1374 2476 2
1396 2413 1457 2496 so),

195 2523 264 2576 tum
286 2514 429 2594 exemplo
450 2514 551 2576 tidelis
574 2512 707 2588 comitis,
732 2514 780 2575 ed.
803 2516 845 2588 2.,
866 2513 914 2575 ita
934 2513 967 2577 id
989 2513 1180 2577 collocantis.
1224 2515 1392 2578 Probabile
1407 2524 1458 2578 est

195 2615 290 2697 igitur
312 2615 387 2678 Mun
410 2614 462 2678 bic
484 2633 605 2697 qnoque
628 2634 648 2676 a
669 2613 854 2695 reliquorum
878 2615 984 2677 ordine
1008 2615 1198 2690 discessisse,
1220 2616 1275 2678 sed
1298 2635 1372 2678 casu
1392 2617 1458 2678 lor·-

194 2714 277 2780 tnito
300 2734 360 2778 non
383 2722 460 2790 tam,
483 2734 577 2797 qnam
600 2715 685 2788 alibi,
708 2715 894 2778 editionibus
917 2724 989 2796 poet
1011 2715 1119 2778 Alsch.
1144 2716 1330 2780 detrimento
1351 2716 1457 2780 fuisse.

194 2816 319 2898 Reliqui
353 2824 458 2880 sectae
490 2815 690 2880 Florentinae
720 2817 908 2878 recentiores
935 2819 1069 2880 nondum
1092 2817 1143 2880 hic
1164 2817 1297 2898 inspecti
1318 2825 1404 2893 sont,
1425 2817 1457 2880 in

195 2917 351 2999 plerisque
373 2935 457 2992 vero,
479 2919 518 2980 de
540 2917 653 2999 quibus
675 2917 807 2998 posthae
829 2917 941 2994 dicam,
963 2919 1054 2981 huine
1077 2918 1198 3002 genesis
1221 2918 1296 2982 locis
1313 2927 1388 2982 snut
1405 2939 1458 2982 co-

196 3018 284 3102 gniti.
318 3016 370 3080 Ad
395 3037 500 3082 earnm
522 3018 704 3082 societatem
728 3037 767 3080 ex
789 3017 970 3101 alienigenis
993 3020 1077 3084 solus
1099 3040 1132 3084 se
1151 3020 1458 3101 applicetnonnum-

196 3139 289 3202 quem
312 3120 353 3194 U,
376 3139 436 3202 quo
458 3119 563 3182 nullus
585 3120 682 3182 codex
704 3119 735 3182 in
758 3119 862 3183 verbis
885 3120 1072 3184 collocandis
1094 3121 1268 3202 suspectior
1289 3128 1347 3184 est.
1387 3119 1458 3192 Quo

197 3223 287 3284 modo
324 3223 350 3295 1,
372 3222 392 3282 2
415 3220 568 3283 adriatici
588 3219 688 3282 mame
710 3219 859 3282 exhibent
881 3222 915 3282 M
937 3221 968 3284 U
989 3224 1030 3295 2.,
1052 3222 1152 3284 marie
1174 3221 1326 3284 adriatici
1347 3221 1457 3303 reliqui

197 3339 313 3386 omnes.
346 3320 442 3384 Nullo
455 3341 511 3384 suo
523 3339 599 3384 sono
609 3320 653 3383 ibi
666 3319 852 3384 adiectivnm
865 3320 942 3383 illud
955 3323 1179 3386 enuntiandum
1192 3330 1271 3397 erat,
1285 3330 1322 3385 ut
1333 3323 1359 3386 si
1372 3322 1458 3386 aliud

196 3443 282 3488 mare
298 3427 371 3486 ante
385 3422 579 3486 nominatum
593 3431 687 3496 esset,
701 3422 732 3484 in
748 3423 827 3503 qnod
841 3423 942 3486 altere
953 3442 1026 3503 pers
1038 3424 1240 3488 Troianorum
1253 3423 1457 3504 pervenisset.

196 3525 306 3607 Neque
324 3543 360 3586 eo
376 3523 478 3586 minue
495 3523 571 3586 ficta
587 3523 783 3604 praestantis
793 3523 849 3586 Mei
861 3524 962 3586 voluit
973 3526 1055 3605 epod
1068 3526 1241 3607 plerosque.
1275 3525 1378 3588 Valde
1391 3544 1458 3588 me-

197 3623 346 3690 morabile
369 3631 418 3686 eet
439 3626 470 3700 3,
493 3617 512 3688 7
534 3621 656 3710 aliquot
677 3622 817 3687 coloniae
838 3625 869 3688 U
886 3633 918 3687 et
935 3627 983 3688 ed.
1000 3627 1029 3686 2.
1043 3626 1199 3701 exhibere,
1218 3627 1300 3708 quod
1312 3625 1460 3688 siiteest

196 3726 228 3788 in
250 3727 277 3789 B
299 3726 394 3788 Lam.
416 3726 446 3788 3.
468 3725 576 3808 Magi,
594 3725 673 3788 setis
692 3734 811 3788 certum
826 3725 951 3789 videtur
967 3745 1035 3788 earu
1050 3726 1248 3808 scriptionem
1267 3719 1340 3790 ante
1353 3726 1458 3790 oculos

196 3827 343 3891 habuisse
372 3845 453 3902 eum,
482 3826 533 3909 qui
562 3827 657 3889 talem
685 3826 777 3888 fiuxit
804 3826 990 3908 scriptorem
1018 3827 1089 3890 Mzi:
1118 3826 1164 3890 ali
1192 3826 1458 3912 coloaiaeals‘qoo.

196 3927 303 3992 Facile
336 3927 453 3992 excidit
481 3948 541 4012 quo
570 3936 643 3990 ente
672 3948 717 4002 co,
740 3929 779 3990 sd
803 3929 884 4010 quod
908 3929 1268 3994 damnumsarciendum
1291 3929 1458 4010 idipsum,
1539 3955 1545 3966 ·

198 4031 279 4112 quod
302 4027 473 4108 scripturus
495 4029 608 4104 luerat,
630 4027 737 4114 aliquo
759 4037 832 4110 post
853 4027 992 4092 coloniae
1004 4031 1189 4112 repetitum:
1210 4029 1273 4094 iem
1288 4036 1362 4093 ente
1376 4029 1457 4092 euim

197 4127 318 4215 aliquot
338 4129 371 4192 in
394 4127 501 4214 aliqua
519 4130 724 4193 antecedente
742 4151 776 4193 eo
795 4138 1019 4192 commutatum
1040 4139 1117 4194 erat.
1151 4131 1254 4203 Quem
1271 4131 1455 4213 scriptorem

197 4231 334 4313 (aliquot
367 4229 532 4314 coloniae),
566 4231 799 4314 qualiscumque
822 4239 880 4304 est,
903 4232 929 4293 si
951 4232 1084 4296 Medicei
1106 4251 1139 4296 re
1161 4251 1237 4296 vera
1259 4232 1354 4295 fuisse
1377 4230 1457 4293 divi-

197 4339 336 4407 nassent,
359 4331 411 4414 qui
433 4333 515 4397 bunc
537 4332 664 4395 mirifice
686 4333 802 4406 colunt,
825 4333 891 4394 sine
914 4333 1008 4397 dubio
1031 4333 1090 4395 sibi
1112 4333 1366 4398 vindicavieeent.

281 4433 396 4497 Decem
428 4442 502 4496 sunt
529 4432 598 4508 loci,
626 4434 738 4515 quibus
767 4453 804 4496 ne
827 4433 856 4496 U
880 4434 1003 4515 quidem
1026 4434 1207 4498 societatem
1230 4436 1357 4496 ineunte
1379 4451 1459 4494 nnus

198 4535 232 4596 Μ
262 4553 330 4598 oum
362 4533 534 4601 iunioribus
567 4534 632 4597 suis
665 4534 840 4608 comitibus,
872 4542 1026 4617 quotenne
1049 4536 1163 4616 cogniti
1186 4541 1270 4610 sunt,
1292 4535 1330 4596 de
1352 4533 1459 4596 ordine

196 4637 360 4698 verborum
394 4636 433 4698 ab
467 4636 609 4700 omnibus
643 4635 800 4716 discrepat
831 4643 863 4697 et
891 4637 960 4698 cdd.
990 4645 1022 4700 et
1051 4637 1120 4700 edd.
1144 4636 1291 4718 antiquis.
1335 4634 1459 4716 Ubique

197 4735 378 4799 Alschefski
410 4737 455 4811 Μ,
488 4755 577 4818 quem
613 4756 672 4800 nou
706 4755 828 4816 semper
860 4737 939 4800 satis
968 4746 1164 4820 cognoverat,
1192 4743 1317 4818 praeter
1339 4742 1459 4799 ceteros

198 4841 324 4910 secutus
346 4842 396 4901 eet
418 4838 594 4920 multosque
616 4857 719 4904 secum
743 4837 851 4900 traxit.
874 4837 904 4912 9,
927 4839 946 4901 3
969 4839 1126 4904 retinebat
1138 4837 1361 4904 Drakenborch
1374 4855 1459 4902 com-
