3574 5632
350 599 388 654 52
545 599 744 670 Epilegomena
766 598 802 652 ad
824 598 856 652 T.
881 595 952 653 Livii
976 596 1079 652 librum
1103 597 1263 652 vicesimum
1285 597 1416 666 primum.

349 771 508 853 utriusque
531 772 631 852 partis
655 772 749 834 caede
774 777 945 851 pugnatum
970 778 1062 844 esset,
1085 770 1111 831 si
1127 769 1303 833 continuari
1318 787 1421 850 pugna
1435 765 1607 848 potuisset:

347 873 526 954 ingentibus
550 873 660 935 animis
681 890 860 934 concursum
885 879 943 944 est,
967 872 1066 934 acrior
1088 873 1198 934 caedes
1221 871 1295 933 solis
1319 889 1430 932 occasu
1445 867 1607 947 impedita.

432 972 483 1048 60,
516 974 537 1034 4
570 971 747 1036 elementiae
779 969 1051 1056 indulgentiaeque
1086 973 1205 1053 scripsi.
1249 969 1486 1054 clementiaeque
1509 967 1607 1030 Pom.

352 1073 530 1138 elementiae
554 1075 581 1135 l.
604 1075 633 1136 3.
656 1075 739 1154 Mog.
762 1073 836 1134 Ald.
860 1074 952 1136 Frob.
983 1073 1078 1137 Gron.
1102 1074 1199 1138 Drak.
1223 1071 1362 1136 leuitatis
1374 1069 1611 1152 clementiaeque

350 1176 419 1238 Als.
436 1173 611 1260 facilitatis
634 1173 870 1258 clementiaeque
892 1175 983 1237 st.
1007 1177 1055 1236 ed.
1080 1176 1107 1236 1.
1141 1174 1206 1237 Α111
1229 1173 1416 1236 recentiores
1436 1171 1544 1255 pretia
1558 1167 1608 1230 vel

350 1273 489 1338 leuitatis
521 1276 570 1337 vel
604 1277 743 1338 iustitiae
765 1275 971 1355 supplendum
996 1295 1063 1338 esse
1086 1275 1262 1357 opinantur.
1307 1273 1444 1346 Quorum
1469 1271 1545 1334 nihil
1569 1289 1607 1332 ex

350 1377 470 1458 vulgari
506 1377 669 1439 omittendi
704 1396 786 1440 more
816 1377 975 1454 probabile
998 1377 1043 1450 lit,
1067 1377 1153 1438 cuius
1174 1377 1206 1439 in
1229 1376 1322 1438 simili
1345 1395 1377 1437 re
1400 1392 1496 1453 supra
1518 1373 1557 1434 ad
1582 1391 1608 1432 o.

352 1477 403 1551 50,
435 1477 456 1538 8
490 1486 600 1558 aperta
635 1479 778 1558 exempla
811 1477 935 1556 protuli.
986 1477 1220 1539 Praetermissis
1242 1477 1337 1557 igitur
1360 1494 1406 1549 eo,
1429 1474 1482 1555 qui
1505 1475 1607 1546 adest,

350 1579 417 1640 loco
451 1579 498 1640 his
532 1578 674 1658 partibus
699 1579 857 1658 utriusque
880 1579 982 1640 verbi:
1006 1579 1105 1640 eutice
1128 1576 1249 1660 indulp,
1272 1577 1392 1658 reliqua
1415 1574 1608 1648 coaluerunt,

226 1711 231 1722 ·
350 1680 399 1741 vel
434 1679 545 1752 dicam,
581 1699 636 1759 pro
670 1680 771 1760 priore
799 1678 899 1740 cotiae
922 1679 1076 1758 posterius
1099 1687 1256 1758 sumptum
1281 1684 1338 1740 est.
1383 1677 1452 1739 Tali
1476 1675 1610 1737 festina·

351 1780 436 1844 tione
470 1801 563 1861 saepe
597 1781 749 1861 longiores
783 1779 963 1842 omissiones
985 1780 1169 1842 inciderunt.
1213 1779 1375 1842 Adversus
1398 1778 1528 1857 populos
1552 1775 1608 1837 Hi-

351 1881 480 1960 spaniae
509 1901 528 1941 a
549 1881 698 1943 Romanis
733 1881 884 1942 alienatos
914 1881 975 1942 iam
999 1882 1029 1942 15
1053 1901 1212 1942 numerum
1236 1880 1386 1942 sociorum
1411 1877 1526 1940 ascitos
1549 1896 1608 1938 uon

351 1981 518 2044 inhumane
551 1990 607 2044 aut
634 2002 740 2043 severe
764 1982 916 2062 sogessit
940 1982 995 2044 05.
1020 1981 1190 2056 Cornelius,
1215 1983 1268 2042 sed
1293 1980 1461 2042 clementer
1483 1999 1536 2040 eos
1559 1987 1610 2038 at-

352 2101 411 2164 que
433 2082 630 2164 indulgenter
653 2083 800 2145 habebat.

434 2183 481 2245 Ib.
499 2193 598 2267 porta
620 2193 663 2245 est
686 2204 702 2244 e
725 2184 901 2246 coniectura
923 2182 1000 2244 Ant.
1023 2183 1174 2244 Perizonii
1197 2184 1286 2245 st.
1312 2183 1357 2243 ed.
1381 2182 1410 2244 6.
1435 2181 1520 2260 Mvg,
1536 2179 1610 2240 Wfl.

348 2294 470 2368 parato
492 2293 535 2346 est
558 2285 612 2347 PC
637 2286 663 2346 l.
692 2286 721 2346 3.
745 2284 818 2346 Ald.
842 2285 934 2346 Frob.
959 2283 1054 2346 Gron.
1078 2285 1175 2346 Drak.
1199 2285 1290 2346 st.
1314 2285 1361 2344 ed.
1388 2285 1414 2344 l.
1438 2282 1495 2342 ΗΖ.
1540 2280 1609 2340 Ν55

353 2384 456 2466 agitur
478 2387 515 2447 de
539 2405 615 2465 pase
638 2385 848 2466 societateque
872 2405 1026 2446 armorum
1049 2385 1079 2446 in
1105 2387 1242 2446 futurum
1267 2394 1390 2464 tempus
1411 2387 1611 2464 praeparata,

353 2487 407 2548 sed
431 2485 462 2547 in
486 2507 634 2566 praeseus
658 2486 833 2560 conciliata,
867 2487 1065 2567 quamobrem
1091 2485 1263 2547 necessario
1281 2495 1381 2568 parto
1403 2483 1610 2546 scribendum.

353 2586 455 2666 Saepe
484 2607 521 2649 ex
545 2607 603 2649 uno
627 2587 675 2648 vel
699 2587 797 2649 altero
820 2587 926 2648 viliore
950 2587 1053 2648 codice
1077 2587 1184 2648 eadem
1208 2593 1318 2648 notata
1341 2595 1389 2647 est
1412 2581 1610 2665 permutatio,

353 2683 570 2764 551,10,7;
606 2686 655 2763 19,
677 2689 705 2749 3.
739 2690 769 2762 2,
792 2687 842 2761 26,
865 2689 895 2763 4;
928 2689 1052 2761 31,10.
1086 2688 1116 2760 3,
1138 2686 1189 2760 62,
1212 2689 1241 2748 2.
1264 2688 1295 2761 4,
1317 2687 1346 2760 5,
1372 2687 1399 2748 1.
1422 2687 1451 2760 5,
1474 2683 1504 2759 6,
1531 2685 1556 2744 l.
1580 2675 1609 2755 7,

355 2789 404 2863 18,
426 2789 455 2852 5.
489 2791 540 2866 34,
575 2788 625 2864 58,
654 2789 728 2850 bet
750 2787 779 2850 6.
810 2783 861 2861 37,
886 2787 935 2864 19,
957 2787 992 2864 8;
1015 2788 1065 2863 50,
1088 2787 1118 2862 9;
1141 2788 1191 2862 53,
1214 2782 1264 2851 27.
1309 2788 1358 2850 Ac
1380 2802 1609 2866 nonnumquam

352 2889 384 2952 iu
417 2890 543 2970 optimis
573 2891 658 2952 libris
681 2890 707 2951 is
730 2910 812 2952 error
834 2889 1090 2970 deprehenditur:
1114 2892 1144 2964 2,
1166 2888 1217 2964 26,
1239 2890 1259 2950 4
1281 2909 1336 2969 spe
1360 2889 1493 2970 undique
1517 2905 1611 2967 para-

354 2999 406 3053 tae
439 2992 535 3072 pacis,
568 2992 598 3066 5,
629 2992 656 3065 l,
682 2992 695 3051 1
722 3011 798 3070 pace
821 2992 894 3053 alibi
919 2998 1040 3070 parata.
1085 2989 1205 3061 Quibus
1229 2991 1351 3072 quidem
1376 2991 1450 3052 locis
1473 2988 1611 3070 plerique

356 3094 489 3156 editores
511 3093 573 3154 iam
596 3101 680 3155 recte
703 3099 813 3173 partae
837 3100 869 3153 et
891 3101 983 3172 parta
1005 3092 1155 3154 scribunt.
1199 3093 1299 3154 Tenet
1321 3100 1425 3153 tamen
1450 3090 1541 3154 st.
1564 3090 1611 3160 10,

356 3195 405 3269 10,
445 3195 481 3256 12
513 3195 674 3276 pecuniam
709 3194 865 3274 ingentem
894 3194 959 3256 sine
983 3194 1087 3255 labore
1111 3214 1147 3255 55
1169 3193 1470 3273 555155155555155
1495 3189 1611 3254 retule-

354 3304 437 3358 runt.
481 3295 533 3358 Ad
557 3296 651 3357 alium
675 3295 755 3357 enim
779 3295 878 3357 locum
902 3295 1040 3376 legentes
1067 3295 1209 3366 remittit,
1232 3295 1262 3367 5,
1285 3293 1314 3367 6,
1340 3295 1367 3368 1,
1391 3295 1441 3356 551
1466 3302 1497 3356 et
1519 3292 1609 3354 st.

356 3404 388 3459 et
409 3397 484 3478 Mvg
507 3405 616 3459 contra
639 3398 706 3458 cdd.
731 3395 921 3469 VMRDFP,
946 3397 996 3476 qui
1016 3406 1136 3480 porta
1153 3396 1286 3458 victorio
1301 3395 1379 3481 frui
1400 3396 1610 3477 1555555555-

355 3507 428 3558 rata
462 3498 578 3578 legunt,
607 3499 686 3578 quod
709 3497 739 3557 iu
764 3497 793 3558 U
816 3497 880 3558 solo
904 3497 976 3558 vidi.
1023 3496 1091 3568 Quo
1115 3497 1180 3559 loco
1204 3517 1223 3557 a
1244 3497 1499 3558 Weissenboroio
1522 3514 1610 3557 revo-

357 3617 463 3660 camur
498 3600 537 3660 ad
571 3599 658 3660 Gurt.
682 3599 713 3671 5,
741 3599 765 3671 l,
788 3598 818 3672 4,
842 3598 895 3659 ubi
918 3598 994 3659 dicit
1016 3598 1130 3659 Darius
1153 3619 1212 3659 555
1236 3598 1379 3659 dubitare
1402 3618 1445 3670 se,
1470 3598 1542 3678 quin
1565 3595 1611 3658 A·

356 3697 504 3760 lexander
538 3698 753 3762 celeberrimas
789 3699 880 3760 urbes
914 3699 1068 3779 petiturus
1098 3706 1195 3761 esset:
1220 3699 1366 3779 praedam
1390 3700 1523 3779 opimam
1549 3716 1611 3777 pa·

356 3806 547 3880 ratamque
579 3801 680 3880 ipsum
715 3807 747 3861 et
783 3799 897 3862 milites
926 3800 991 3861 eius
1014 3809 1166 3881 spectare.
1217 3799 1277 3862 Est
1299 3799 1393 3880 igitur
1415 3801 1533 3879 praeda
1555 3817 1612 3878 pa-

356 3907 427 3961 rata
450 3919 497 3972 ea,
532 3920 611 3982 quae
635 3901 812 3964 etiamnunc
834 3908 1005 3980 spectatur,
1029 3921 1107 3983 quae
1131 3903 1264 3963 nondum
1289 3909 1381 3980 parta
1404 3910 1461 3973 est,
1485 3902 1538 3962 sed
1563 3901 1611 3960 fa-

357 4000 414 4062 cile
451 4001 553 4080 parari
576 4003 700 4081 poterit.
745 4001 895 4064 Similiter
918 4003 1029 4064 ceteris
1052 4003 1126 4064 locis
1149 4005 1231 4082 apud
1255 4003 1396 4065 Curtium
1420 4001 1465 4084 (4,
1488 4002 1539 4075 53,
1565 4000 1611 4061 11.

357 4101 387 4174 4,
423 4100 471 4175 19,
507 4103 555 4164 14.
589 4102 618 4176 6,
647 4103 698 4177 42,
720 4097 777 4185 27)
801 4112 895 4182 atque
919 4105 1000 4182 apud
1025 4104 1102 4166 alios
1125 4103 1301 4184 scriptores,
1324 4103 1410 4164 velut
1434 4103 1560 4174 Quinet.
1583 4103 1612 4172 2,

357 4203 387 4274 2,
423 4203 463 4264 10
495 4203 575 4266 Ρ115.
598 4205 637 4264 N.
661 4205 700 4264 H.
727 4202 774 4276 19,
797 4205 827 4277 4,
849 4203 900 4278 52,
922 4205 1010 4284 Virg.
1034 4205 1114 4267 Aen.
1137 4207 1166 4278 2,
1189 4205 1261 4278 334,
1283 4205 1351 4266 Ρ115
1376 4205 1434 4284 Ep.
1458 4206 1487 4276 2,
1513 4205 1561 4277 10,
1583 4201 1613 4262 8.

359 4301 423 4364 Sed
456 4323 493 4364 ea
526 4304 749 4386 significatione
782 4306 821 4367 ob
854 4305 885 4366 id
921 4305 980 4366 dici
1016 4326 1074 4368 non
1109 4313 1214 4385 potest
1237 4314 1349 4385 parata
1371 4305 1502 4368 victoria
1525 4303 1613 4374 frui,

360 4405 439 4485 quod
474 4425 533 4466 555
570 4405 699 4467 fruimur
732 4405 862 4468 victoria
894 4405 953 4466 nisi
978 4426 1057 4487 quae
1079 4407 1141 4469 iam
1164 4414 1276 4486 parta
1298 4415 1354 4472 est.
1398 4407 1466 4468 Hoc
1488 4407 1518 4468 in
1542 4424 1612 4467 ora·

360 4504 444 4566 tione
477 4505 538 4585 Ap.
574 4505 722 4568 Claudius
756 4507 870 4568 dictum
908 4507 984 4578 vult,
1018 4508 1165 4569 dedecere
1200 4507 1326 4570 militem
1355 4507 1530 4570 Romanum
1554 4505 1612 4568 frui

361 4605 484 4687 quidem
508 4606 639 4668 victoria
664 4606 726 4668 iam
750 4615 852 4687 parta,
876 4627 934 4669 555
958 4607 1115 4687 patienter
1137 4609 1299 4670 diuturnos
1322 4611 1401 4670 ferre
1425 4609 1556 4681 labores,
1581 4615 1614 4669 ut

361 4725 460 4770 novae
496 4706 643 4770 victoriae
676 4707 848 4787 pariantur.
902 4710 1095 4790 Frequenter
1126 4710 1235 4772 Livius
1253 4709 1413 4772 victoriam
1437 4729 1547 4789 parere
1569 4711 1615 4790 (2,

360 4801 413 4881 47,
435 4806 463 4870 9.
487 4808 517 4882 3,
539 4807 590 4880 62,
612 4810 642 4870 2.
665 4801 694 4882 7,
717 4808 767 4884 34,
793 4810 840 4870 13.
862 4807 893 4883 9,
915 4807 945 4884 9,
970 4809 1017 4871 11.
1043 4811 1092 4886 10,
1114 4809 1165 4884 38,
1190 4812 1216 4873 1.
1240 4805 1290 4885 37,
1308 4811 1358 4886 50,
1380 4809 1427 4895 9),
1451 4831 1614 4893 nusquam,

1766 954 1771 1037 l
