3584 5632
649 649 852 720 Epilegomana
873 647 908 702 ad
932 647 963 701 T.
988 648 1059 704 Livii
1081 648 1184 704 librum
1207 651 1337 719 primum.

449 822 603 885 Detracta
635 823 698 884 ista
730 821 896 882 iteratione
929 821 1091 882 verborum
1126 821 1208 882 haud
1240 830 1349 883 contra
1371 822 1631 884 consuetudinem

366 924 550 986 obveniente
585 943 646 985 una
678 929 780 984 restat
813 922 1011 1000 depravatio;
1046 941 1116 982 nam
1151 923 1326 1002 propinqua
1356 942 1430 984 voce
1458 923 1633 1006 easaapais

367 1044 447 1086 nexu
481 1025 613 1105 quodam
648 1025 787 1085 idearum
817 1023 908 1084 t'acile
931 1023 1124 1084 semianimis
1148 1021 1290 1084 effectum
1315 1031 1363 1084 est
1386 1043 1423 1084 ex
1446 1045 1477 1084 sa
1500 1025 1629 1086 amisso.

366 1124 457 1196 Quod
487 1125 640 1187 adiectivo
666 1125 728 1186 isto
755 1123 948 1185 instituendo
971 1125 1126 1184 detortum
1151 1131 1399 1204 summotumque
1423 1133 1490 1186 erat
1513 1143 1630 1204 prono-

367 1246 435 1288 men
465 1247 505 1299 se,
536 1246 605 1287 curn
629 1227 738 1287 abesse
761 1225 884 1287 omnino
908 1244 966 1286 non
991 1233 1106 1304 posset,
1130 1225 1240 1286 deinde
1264 1234 1336 1303 post
1358 1225 1484 1287 domam
1507 1226 1630 1305 reposi-

366 1335 432 1389 tum
455 1336 514 1400 est,
537 1347 607 1401 non,
630 1336 665 1388 nt
688 1326 782 1387 etiam
805 1327 903 1386 altero
926 1326 992 1387 loco
1015 1325 1046 1406 (ξ
1068 1324 1104 1407 6)
1130 1345 1185 1386 usu
1208 1325 1304 1400 venit,
1327 1335 1401 1387 ante
1423 1327 1509 1388 illud.

449 1429 595 1489 Forsitan
618 1428 733 1489 dixerit
755 1427 920 1507 quispiam,
943 1445 1011 1487 curn
1035 1428 1073 1487 de
1096 1427 1170 1507 fuga
1193 1427 1406 1505 apparitorum
1428 1437 1460 1488 et
1478 1428 1626 1488 comitum

366 1529 481 1590 mentio
515 1531 575 1590 iam
610 1531 696 1590 facta
729 1537 822 1599 esset,
855 1527 893 1588 de
922 1529 1036 1588 amisso
1063 1526 1145 1607 regio
1173 1527 1323 1588 comitatu
1353 1529 1436 1589 ultra
1459 1529 1542 1608 loqui
1567 1547 1627 1588 non

366 1649 443 1709 opus
476 1630 581 1690 fnisse.
625 1629 813 1690 Monendum
843 1647 916 1688 vero
945 1636 1013 1689 erat
1035 1647 1087 1689 eos
1111 1647 1170 1689 non
1194 1628 1233 1688 ad
1256 1647 1358 1708 regem
1382 1629 1548 1691 revertisse
1572 1637 1629 1690 aut
1697 1693 1702 1698 ,
1762 1649 1763 1654 ’

366 1730 500 1792 fortasse
523 1731 651 1791 eandem
677 1731 768 1809 fugae
792 1729 874 1789 viam
897 1729 1051 1809 ingressos
1075 1729 1102 1790 ei
1121 1736 1305 1809 aggregatos
1324 1749 1401 1803 esse,
1421 1738 1457 1791 ut
1474 1731 1628 1810 inaperta

366 1839 459 1905 esset,
489 1832 641 1913 quomodo
669 1830 734 1892 fieri
758 1829 921 1909 potuisset,
944 1838 981 1890 ut
1002 1829 1086 1891 nullo
1109 1830 1231 1910 negotio
1254 1849 1309 1891 rex
1332 1832 1372 1891 ab
1395 1831 1444 1903 iis,
1468 1849 1543 1911 qnos
1568 1831 1628 1891 mi-

365 1940 451 1994 serat
479 1932 676 2013 Tarquinius,
704 1931 903 1992 occideretur.
947 1931 1017 1992 Non
1041 1930 1139 2010 magis
1162 1949 1427 2010 supervacaneum
1452 1941 1520 1993 erat
1543 1950 1628 1992 com-

366 2035 559 2095 monefacere
593 2033 716 2094 domum
747 2051 780 2093 se
808 2031 961 2109 recepisse
988 2051 1091 2111 regern
1121 2050 1230 2110 aspere
1258 2039 1441 2106 tractatum,
1464 2053 1501 2094 ne
1525 2033 1628 2112 inopi-

366 2141 442 2195 nata
475 2133 626 2208 venirent,
660 2153 739 2214 quae
768 2133 806 2193 de
829 2133 977 2213 exsangui
1000 2133 1052 2194 illo
1075 2139 1257 2213 sequuntur,
1280 2133 1494 2213 fugientem
1517 2153 1625 2194 conse·

365 2243 453 2296 catos
477 2255 544 2296 esse
567 2234 722 2296 satellites
745 2233 915 2313 Tarquinii.
960 2233 1050 2304 Quae
1073 2235 1110 2295 de
1133 2233 1301 2294 solitudine
1325 2234 1472 2314 fugientis
1495 2234 1627 2296 tradun-

365 2344 426 2409 tur,
457 2355 516 2398 non
545 2344 686 2416 pugnant
714 2354 781 2397 cum
805 2333 865 2394 hac
887 2335 1064 2396 narratione
1086 2333 1228 2414 Dionysii
1251 2333 1296 2416 (4,
1318 2333 1391 2418 38):
1414 2331 1456 2407 ὡς
1477 2333 1541 2398 εἶδε
1563 2337 1627 2398 νῶν

365 2433 463 2500 αὑτοῦ
490 2437 597 2520 φίλων
624 2436 747 2519 πολλὴν
769 2434 914 2518 ἐρημίαν,
939 2431 1034 2524 ἀπῄει
1056 2439 1185 2508 cadomo,
1209 2437 1412 2516 κρατούντων
1434 2442 1490 2498 καὶ
1513 2459 1622 2520 παρν-

366 2541 557 2618 πεμπόντων
590 2534 689 2602 αὐτὸν
721 2534 850 2614 ὀλίγων.
894 2538 942 2599 De
977 2537 1137 2617 paucitate
1171 2537 1251 2597 enirn
1286 2537 1453 2600 amicorum
1488 2538 1625 2600 fidelium

364 2640 415 2703 hic
437 2641 548 2724 agitur.

448 2742 686 2822 Duplicatorum
709 2741 831 2802 illorum
855 2741 989 2821 quinque
1012 2739 1174 2802 verborum
1198 2739 1388 2800 tenacissimi
1411 2742 1537 2802 fuerunt
1560 2740 1627 2802 edi·

364 2852 464 2906 tores:
488 2852 616 2906 manent
639 2831 871 2904 etiamnunc'in
895 2842 941 2903 ed.
966 2839 1313 2914 ster.Taucbn.1848;
1336 2842 1391 2901 sed
1410 2841 1626 2903 eliminaverat

365 2945 473 3007 Alsch.
502 2945 529 3006 Ε
559 2944 736 3006 coniectura
767 2941 912 3004 Rhenani
945 2942 1122 3002 semianimi
1148 2940 1296 3002 trecentis
1320 2942 1409 3002 annis
1432 2942 1627 3005 scribebatur

369 3046 520 3131 (finxerat
549 3053 655 3108 tamen
678 3045 704 3105 is
726 3044 917 3134 semianima,
940 3061 1072 3122 namque
1095 3042 1125 3102 in
1150 3042 1267 3116 Vorm.‚
1291 3042 1378 3103 utin
1401 3044 1472 3118 MP,
1495 3044 1557 3106 fuit
1579 3063 1626 3105 sa-

367 3147 557 3228 miam'maa).
601 3145 743 3208 Rediisse
774 3144 894 3206 scilicet
921 3143 1048 3205 comites
1072 3142 1166 3204 lenito
1189 3162 1314 3222 pavore,
1337 3145 1391 3205 sed
1415 3153 1447 3206 ct
1468 3145 1553 3225 ipsos
1576 3165 1626 3206 se·

368 3248 539 3310 mianimes.
582 3247 801 3309 Recentissimi
830 3246 962 3326 denique
984 3243 1076 3304 valde
1098 3243 1294 3305 immoderati
1318 3245 1348 3305 in
1372 3245 1551 3326 corrigendo
1575 3247 1625 3307 fu·

368 3357 474 3424 erunt;
496 3368 567 3411 nam
591 3367 650 3410 non
675 3349 763 3410 modo
788 3347 921 3427 quinque
943 3345 1005 3406 illis
1027 3345 1140 3418 verbis,
1163 3346 1217 3407 sed
1235 3344 1330 3406 etiam
1348 3354 1468 3426 septem
1486 3347 1624 3426 proxime

367 3450 626 3531 praecedentibus
647 3447 754 3510 recisis
777 3467 845 3509 cum
869 3466 980 3527 magno
998 3445 1146 3508 orationis
1164 3445 1314 3507 Livianae
1327 3447 1513 3508 detrimento
1526 3449 1625 3528 scrip-

367 3560 488 3614 serunt:
512 3551 579 3635 ipsa
596 3570 699 3635 propa
721 3549 889 3632 aasaapais
911 3547 950 3609 ab
973 3547 1024 3620 iis,
1047 3547 1102 3630 qai
1121 3555 1194 3608 cett.
1211 3546 1436 3609 Drakenborch
1451 3547 1531 3611 enim
1548 3548 1624 3610 baec

366 3654 589 3714 adnotaverat:
624 3650 724 3721 »Quid
758 3651 784 3712 si
814 3652 953 3730 legamus
982 3647 1035 3709 lit
1056 3646 1142 3733 faga
1168 3648 1260 3729 repis,
1289 3649 1511 3732 apparitorum
1534 3657 1625 3733 atque

366 3755 523 3817 comitam.
568 3753 642 3837 Ipsa
664 3772 766 3836 propa
795 3751 962 3832 aasaapais
984 3748 1023 3810 ab
1045 3749 1096 3822 iis,
1120 3749 1173 3831 qai
1196 3757 1254 3810 stc.
1300 3749 1417 3810 Verum
1441 3751 1506 3812 siue
1529 3751 1624 3812 libro-

365 3875 433 3918 rum
467 3873 617 3916 consensu
646 3853 722 3921 nihil
751 3852 954 3925 constituto»;
983 3851 1064 3930 quod
1088 3850 1238 3911 monitum
1260 3851 1358 3929 ipsius
1381 3858 1505 3913 centurn
1529 3869 1624 3914 annos

366 3957 601 4018 observabatur.
645 3952 746 4014 lnciso
778 3959 850 4033 post
867 3951 951 4035 sapa
969 3952 1052 4033 repis
1074 3951 1175 4030 posito
1199 3969 1398 4031 compensare
1420 3953 1555 4014 voluisse
1578 3953 1624 4013 vi-

366 4059 467 4130 detur,
495 4075 574 4137 quae
603 4056 863 4117 condemnaturus
892 4061 975 4127 erat3
1004 4051 1057 4114 sed
1087 4052 1178 4113 facile
1207 4060 1340 4131 apparet
1366 4052 1413 4113 ita
1435 4053 1623 4134 distinguere

366 4179 425 4221 non
455 4157 556 4230 licere,
585 4155 645 4218 etsi
674 4173 798 4217 necesse
827 4162 896 4216 erat
921 4155 982 4216 iam
1006 4155 1044 4215 de
1067 4153 1148 4232 regis
1170 4153 1309 4214 discessu
1331 4153 1468 4233 aliquam
1492 4155 1624 4216 mentio-

365 4279 434 4321 nem
457 4258 539 4333 iieri3
568 4257 766 4340 quamobrem
791 4255 844 4317 alii
867 4256 962 4316 salvis
985 4255 1087 4316 verbis
1110 4275 1180 4314 cam
1202 4254 1329 4316 domam
1352 4275 1383 4314 sa
1404 4255 1555 4339 reciperet
1575 4255 1624 4318 in·

364 4359 549 4424 teriacentia
571 4357 673 4420 omitti
696 4377 787 4436 posse
810 4363 1008 4436 putaverunt.
1043 4355 1128 4416 Nihil
1151 4375 1223 4416 vero
1246 4355 1345 4436 magis
1367 4356 1416 4417 vel
1435 4375 1503 4418 oum
1519 4375 1624 4418 emen-

364 4461 458 4524 dandi
493 4460 612 4541 legibus
641 4459 688 4520 vel
718 4479 785 4519 cum
815 4476 907 4519 sensu
930 4457 1021 4517 huius
1044 4455 1102 4517 loci
1124 4463 1244 4536 pugnat
1266 4475 1369 4536 quam,
1391 4456 1422 4518 id
1446 4459 1527 4538 quod
1552 4458 1625 4521 lecit

363 4561 501 4643 Madvig,
525 4563 654 4641 dempta
676 4579 731 4621 suo
755 4559 820 4620 loco
842 4558 938 4619 verba
960 4557 1015 4618 illa
1037 4556 1122 4638 rapio
1145 4556 1294 4618 comitata
1312 4558 1351 4618 ad
1370 4557 1504 4620 Tulliam
1520 4577 1554 4621 se
1569 4559 1624 4622 do-

364 4683 446 4724 mum
475 4661 674 4742 recipientem
699 4668 911 4740 transponere.
955 4659 1035 4720 Nam
1059 4658 1086 4718 si
1109 4657 1216 4719 Livius
1238 4657 1284 4718 ita
1306 4658 1492 4739 scripsisset,
1516 4668 1552 4722 ut
1572 4659 1624 4722 ille

363 4763 410 4824 vir
432 4763 622 4826 clarissimus
645 4768 745 4823 totum
769 4761 850 4822 hunc
873 4761 972 4821 locum
996 4759 1153 4832 formavit,
1177 4758 1325 4838 explicari
1349 4779 1408 4821 non
1432 4769 1561 4839 possent
1578 4781 1624 4834 ea,

363 4883 443 4945 quae
477 4863 626 4926 exhibent
654 4863 722 4925 add.
766 4862 896 4942 Regium
926 4860 1107 4921 comitatum
1135 4859 1246 4920 intuli
1275 4861 1459 4938 praesertim
1487 4868 1625 4942 tempore
