3584 5632
376 640 414 696 58
660 639 860 712 ilpilegomena
882 643 917 698 ad
939 641 971 697 Τ,
995 641 1066 696 hirii
1089 641 1192 697 librum
1215 643 1344 712 pdmnm.

376 849 414 862 -—
432 813 607 900 possideat,
638 812 687 876 die
716 813 811 874 durch
841 814 900 876 den
923 813 1100 894 Gegensatz
1125 813 1211 876 nicht
1233 815 1287 876 der
1310 813 1479 887 Personen,
1503 813 1640 874 sondern

375 918 429 979 der
451 913 669 978 Verhtiltnisse
693 913 869 976 darselben:
899 914 955 976 deo
972 925 1151 999 properatus
1173 915 1249 978 deuo
1271 915 1339 999 ipae
1361 915 1542 996 gegenliber
1564 911 1640 977 Ser·
1759 943 1761 967 r

375 1018 445 1080 uiuo
467 1038 556 1080 amu
577 1025 671 1076 uatus
692 1014 874 1078 bezeichnet
895 1016 947 1089 ist,
970 1016 1108 1097 zogleiclr
1132 1016 1181 1079 die
1204 1017 1308 1078 Kdrze
1327 1017 1382 1078 der
1399 1016 1482 1078 Zeit:
1505 1016 1641 1078 cenwa-

375 1139 425 1182 mo
454 1139 536 1180 anuo
563 1137 658 1200 quom
685 1124 744 1179 etc.
773 1117 1052 1180 hervorzulreben».
1097 1117 1203 1180 Indice
1225 1117 1422 1180 Koelrnastio
1445 1117 1477 1180 in
1501 1135 1641 1178 comme·
1760 1116 1762 1129 “

375 1221 525 1283 morando
562 1227 736 1296 temporum
778 1217 843 1292 illa,
883 1237 962 1299 qnae
995 1225 1133 1290 vocatur,
1167 1218 1453 1298 repraesentatione
1486 1215 1536 1300 (p.
1562 1216 1642 1300 222)
1760 1270 1761 1289 ,

374 1321 504 1401 Madvig
537 1319 741 1400 praecedente
771 1329 844 1403 post
878 1320 928 1380 lrio
960 1319 1086 1398 scripsit
1115 1318 1199 1402 quod
1220 1319 1317 1382 »ohne
1339 1319 1446 1400 irgend
1468 1318 1642 1380 haltbaren

376 1421 513 1486 Grundn.
557 1421 641 1482 Bene
670 1439 704 1481 se
731 1419 828 1482 habet
849 1420 926 1482 illud
949 1439 1116 1502 pronomen
1138 1421 1169 1482 in
1192 1420 1252 1482 hac
1273 1419 1532 1500 interpretaione
1556 1419 1642 1482 Dra-

376 1521 573 1585 kenborchii:
607 1521 669 1582 »Eo
698 1521 845 1602 insignior
873 1529 941 1584 erat
962 1521 1084 1593 iniuria,
1107 1541 1200 1603 quarn
1223 1521 1410 1602 Tarquinius
1433 1521 1550 1582 nomini
1575 1521 1642 1582 Ro-

378 1643 469 1685 mano
490 1624 604 1684 inferre
627 1623 763 1694 volebat,
787 1642 845 1702 quo
869 1623 993 1683 brevius
1016 1623 1173 1684 videretur
1195 1623 1343 1702 spatium,
1366 1623 1449 1684 intra
1469 1621 1556 1684 cuius
1572 1641 1642 1684 am-

378 1725 477 1786 bitum
505 1731 669 1803 tantopere
698 1723 783 1804 regia
811 1724 959 1785 maiestas
982 1724 1100 1786 Romae
1124 1723 1189 1785 eius
1212 1724 1304 1803 culpa
1326 1723 1488 1796 eviluerat,
1511 1729 1550 1784 nt
1570 1741 1643 1802 reg·
1759 1786 1761 1833 ,

377 1845 460 1899 num,
490 1825 585 1906 quod
614 1824 776 1898 Remulus,
804 1825 871 1886 Deo
894 1833 1074 1906 prognatus,
1098 1825 1183 1886 Deus
1205 1825 1283 1904 ipse,
1306 1832 1461 1898 tenuerat,
1484 1825 1642 1886 transier-

376 1934 463 1988 retur
484 1927 515 1987 in
539 1945 672 1998 servum,
695 1945 785 1986 serva
808 1933 942 1987 natum».
987 1925 1062 1988 Alia
1088 1933 1191 1988 autem
1215 1925 1296 1987 ratio
1320 1933 1379 2000 est,
1402 1925 1453 1988 ubi
1471 1935 1549 2008 poet
1572 1943 1642 1986 cnm
1760 1976 1761 1989 ,

378 2027 556 2090 accusativo
588 2024 724 2106 spatium
753 2027 900 2106 temporis
924 2026 1136 2110 (interiectum
1159 2021 1301 2114 tempus)
1324 2027 1453 2099 indicat,
1475 2033 1509 2088 et
1531 2026 1643 2088 termi·
1760 2026 1761 2033 ’

377 2148 445 2202 nus,
469 2148 569 2210 aquo
593 2135 781 2201 numeretur,
804 2128 975 2208 quaeritur:
999 2147 1070 2190 nam
1094 2135 1150 2190 aut
1172 2129 1363 2190 antecedunt
1383 2147 1430 2201 ea,
1454 2127 1567 2208 quibus
1588 2126 1643 2189 ille
1760 2164 1761 2189 n

379 2237 542 2309 appareat,
576 2235 632 2290 aut
665 2229 873 2291 adnectuntur
907 2229 1049 2292 adhibita
1080 2228 1294 2292 coniunctione
1316 2250 1428 2312 quarm
1448 2227 1537 2290 velut
1557 2226 1590 2301 6,
1616 2227 1644 2301 l,

381 2332 420 2392 12
453 2331 533 2412 quod
567 2329 716 2410 postridie
749 2329 819 2392 idus
853 2329 1027 2401 Quinctiles
1054 2351 1114 2392 non
1143 2330 1266 2392 litasset
1288 2329 1445 2409 Sulpicius
1468 2349 1569 2410 neque
1591 2329 1644 2390 in-

377 2439 474 2494 venta
502 2449 578 2511 pace
607 2431 698 2493 deum
729 2439 801 2511 post
823 2431 903 2492 diem
927 2431 1054 2493 tertium
1078 2431 1217 2495 obiectus
1239 2431 1322 2494 hosti
1345 2429 1500 2494 exercitus
1522 2431 1644 2492 Roma·

378 2554 436 2595 nus
470 2541 563 2607 esset,
598 2539 674 2608 cet.;
707 2525 758 2606 37,
789 2526 880 2606 13,7
908 2533 1069 2595 Romanae
1102 2531 1404 2596 naves...Samum
1439 2531 1643 2594 traiecerunt

376 2635 493 2696 Eodem
528 2642 560 2696 et
591 2633 715 2696 Rhodia
749 2633 857 2696 classis
890 2642 962 2714 post
994 2634 1060 2696 dies
1094 2653 1208 2713 paucos
1242 2633 1344 2709 venit;
1376 2632 1429 2708 36,
1451 2627 1503 2706 27,
1525 2633 1546 2694 2
1569 2639 1643 2712 post

378 2755 493 2816 paucos
527 2734 593 2797 dies
628 2753 720 2816 quam
749 2735 788 2796 ad
817 2734 932 2797 bellurn
955 2735 1164 2796 renovandum
1180 2781 1186 2796 .
1200 2782 1207 2797 .
1222 2735 1371 2796 miserant
1392 2735 1523 2816 legatos.
1567 2733 1643 2794 Pari

381 2837 471 2899 modo
494 2855 529 2898 eo
553 2836 629 2908 loco,
652 2836 690 2898 de
714 2835 858 2917 quoiam
881 2835 995 2916 agitur,
1017 2836 1048 2897 in
1072 2835 1214 2898 omnibus
1237 2836 1305 2898 cdd.
1330 2844 1379 2897 est
1400 2855 1496 2920 quom
1518 2833 1641 2897 Romu

380 2927 429 3000 lus
458 2945 527 3010 cet,
555 2936 607 3017 qui
634 2936 661 2998 si
689 2936 810 2998 tollitur
838 2937 1000 3010 terminus,
1024 2936 1099 2998 nihil
1122 2944 1180 3010 est,
1203 2938 1243 2998 ad
1267 2937 1347 3018 quod
1370 2945 1445 3017 apte
1466 2937 1644 2998 referantur

380 3037 435 3100 illa
463 3047 536 3121 post
569 3045 644 3098 caut.
673 3035 746 3122 fere
779 3057 906 3098 cunum.
949 3037 1118 3118 Inaequale
1152 3037 1232 3100 enim
1262 3045 1311 3100 est
1333 3038 1407 3100 hoc:
1431 3039 1550 3100 Servus
1571 3043 1644 3117 post

381 3138 582 3202 centesimum
614 3157 727 3200 annum
757 3137 788 3199 id
812 3157 939 3218 regnum
963 3139 1111 3218 possidet,
1134 3140 1213 3220 quod
1237 3139 1388 3202 Romulus
1410 3145 1565 3202 tenuerat.
1610 3136 1644 3198 Si

380 3261 440 3302 non
473 3239 525 3302 oid
557 3258 664 3301 servos
698 3251 789 3302 serva
824 3246 916 3301 natus
944 3239 1120 3319 possideat»
1149 3240 1296 3320 scriptum
1322 3241 1443 3314 fuisset,
1466 3240 1523 3302 sed
1544 3239 1643 3302 uidem

380 3361 509 3424 ceparum
544 3338 675 3403 Romuli
704 3360 812 3402 servus
840 3359 932 3402 serva
954 3347 1048 3402 natus
1071 3341 1257 3420 possideat»,
1280 3341 1333 3404 vix
1355 3360 1501 3422 umquam
1525 3341 1565 3403 de
1587 3339 1643 3402 hoc

381 3443 447 3506 loco
471 3442 663 3504 emendando
686 3442 828 3523 quaestio
852 3443 938 3515 facta
960 3448 1053 3504 esset.
1093 3442 1140 3504 At
1161 3442 1192 3504 id
1215 3441 1316 3521 ipsum
1339 3443 1409 3504 sola
1429 3461 1503 3504 voce
1527 3441 1564 3504 id
1577 3442 1642 3504 dic·

382 3551 448 3604 tum
471 3542 570 3606 voluit
591 3542 734 3622 scriptor.

464 3643 558 3716 40‚4
585 3653 613 3706 et
641 3641 728 3728 quio,
756 3643 807 3705 obi
837 3642 1014 3706 auctoribus
1043 3642 1182 3723 Sauppio
1213 3653 1245 3706 et
1267 3643 1424 3707 Gronovio
1447 3644 1500 3708 alii
1524 3653 1553 3706 at
1574 3665 1643 3706 oum

380 3744 529 3818 scribunt,
563 3745 616 3808 alii
644 3756 671 3806 et
699 3745 812 3808 omisso
841 3745 949 3807 altero.
994 3744 1129 3807 Videtur
1157 3745 1234 3807 haec
1256 3745 1415 3808 sententia
1435 3745 1483 3808 ita
1504 3765 1573 3808 esse
1596 3745 1643 3806 in-

359 3847 600 3925 ·terpretanda:
634 3845 697 3910 Sed
731 3867 790 3910 non
819 3845 946 3908 Servius
974 3845 1198 3930 aggrediendus
1222 3865 1289 3908 esse
1311 3846 1349 3908 iis
1372 3847 1549 3919 videbatur,
1573 3866 1642 3908 nam

382 3957 410 4008 et
443 3947 604 4026 praeteriti
638 3947 786 4027 temporis
819 3945 939 4008 iniuriis
967 3945 1082 4008 maiore
1110 3946 1142 4008 in
1165 3947 1367 4029 Tarquinium
1391 3947 1461 4010 odio
1484 3956 1576 4010 erant
1597 3947 1645 4010 in-

383 4047 478 4121 censi,
506 4057 533 4108 et
561 4057 756 4129 reputantes,
789 4047 861 4128 quid
892 4047 986 4109 caede
1015 4048 1101 4109 facta
1129 4055 1213 4110 esset
1235 4050 1491 4128 exspectandum,
1512 4051 1554 4112 ob
1577 4068 1642 4112 eam

384 4168 509 4210 causam
544 4149 576 4211 in
610 4169 712 4229 regern
749 4149 849 4228 ipsum
885 4147 1080 4227 potissimum
1115 4149 1305 4224 ferebantur,
1339 4150 1415 4234 quio
1436 4150 1463 4212 is
1483 4158 1644 4230 superstes

383 4250 505 4331 gravior
538 4251 619 4312 ultor
641 4252 764 4315 futurus
788 4258 887 4325 esset3
911 4258 977 4310 tura
1000 4257 1103 4311 amoto
1127 4250 1225 4330 primo
1249 4270 1359 4331 genere
1382 4271 1442 4314 non
1465 4253 1642 4314 defuturum

382 4351 467 4432 regni
501 4351 661 4414 heredem:
697 4352 774 4413 adeo
809 4352 934 4414 caedem
969 4350 1070 4412 Servii
1104 4359 1136 4412 et
1163 4351 1411 4431 periculosiorem
1442 4353 1507 4416 fore
1536 4359 1571 4415 et
1597 4353 1643 4415 in-

385 4453 503 4515 utilem.

469 4554 520 4627 40,
542 4554 562 4615 ὅ
585 4575 677 4637 quam
696 4563 827 4638 potuere
849 4551 1126 4616 tumultuosissime
1148 4556 1249 4638 specie
1270 4555 1370 4627 mooe,
1389 4555 1410 4616 i.
1423 4575 1449 4617 e.
1467 4554 1642 4634 inspeciem

384 4653 523 4717 rixantes
557 4673 649 4736 qnam
683 4661 811 4735 potuere
846 4654 1125 4718 tumultuosissime
1158 4656 1258 4718 rixam
1293 4657 1405 4730 facere,
1440 4675 1496 4720 seu
1531 4663 1643 4738 quanto

388 4755 521 4817 maximo
550 4763 678 4836 potuere
706 4756 842 4818 tumultu
865 4755 1010 4816 altercari
1033 4775 1066 4818 se
1089 4764 1183 4839 atque
1206 4757 1343 4819 interae
1366 4749 1529 4838 confligere
1552 4757 1644 4819 simu-

387 4854 500 4918 lantes.
544 4856 609 4920 Alii
639 4857 670 4920 in
699 4858 781 4922 huno
804 4857 928 4919 modum
952 4856 1046 4918 verba
1068 4858 1150 4920 inter
1172 4877 1205 4921 se
1224 4859 1442 4940 coniungenda
1464 4877 1532 4922 esse
1554 4865 1645 4941 pota-
