3584 5632
468 650 667 721 llpilegomena
689 649 725 704 ad
747 649 779 703 T.
804 648 875 702 Livii
899 649 999 702 librum
1023 648 1153 716 primum.
1397 643 1435 700 dl

174 834 215 899 et,
244 843 312 886 cum
339 827 600 886 commentatores
623 827 688 882 tum
712 820 851 902 Draeger
872 819 956 882 Hist.
979 817 1070 900 Syut.
1094 818 1109 899 ς
1131 815 1191 880 all
1216 837 1245 880 u.
1271 817 1319 880 12.
1343 817 1440 880 docu-

175 933 283 988 eruut:
315 944 348 986 re
376 941 451 985 vera
476 923 578 1002 ipsum
607 941 717 984 nomen
741 919 809 994 loci,
832 921 913 1002 quod
937 919 1114 992 mansisset,
1136 918 1262 1000 originis
1285 917 1439 982 Troianae

175 1027 289 1088 indicio
312 1043 390 1087 esse.

264 1126 334 1201 1,4
360 1122 456 1187 Troia
477 1130 510 1186 et
532 1123 603 1186 buic
625 1123 691 1186 loeo
715 1142 824 1184 nomen
848 1129 906 1184 est.
951 1120 1004 1183 Sic
1026 1141 1132 1184 omues
1155 1123 1235 1196 cdd,
1254 1120 1350 1182 etiam
1369 1121 1439 1183 edd.

178 1237 252 1290 aute
276 1226 476 1298 Gronovium,
500 1225 552 1306 qui
578 1224 690 1287 Troice
711 1224 742 1284 in
766 1229 946 1285 contextum
970 1223 1087 1303 recepit
1108 1242 1164 1285 »ex
1187 1228 1337 1303 perpetuo
1358 1221 1440 1284 Livii

179 1347 292 1402 more»,
318 1334 354 1389 ut
382 1326 438 1400 ait,
461 1334 555 1407 atque
577 1325 655 1388 haec
676 1323 780 1386 addit:
812 1326 896 1387 »Hoc
918 1323 989 1386 clim
1014 1323 1193 1386 coniectura
1213 1322 1438 1403 deprehensum

177 1429 355 1508 accepimus
383 1434 492 1508 postea
515 1425 608 1506 plane
630 1426 779 1506 scriptum
803 1424 929 1506 reperiri
951 1424 982 1485 in
1006 1425 1194 1487 membranis
1217 1423 1342 1505 optimis
1364 1424 1440 1486 Flo·
1534 1433 1542 1451 ⁸

177 1529 335 1593 reatinis».
390 1528 512 1591 Deinde
550 1526 785 1599 Drakenborch,
823 1532 986 1605 postquam
1020 1525 1052 1586 in
1086 1527 1165 1599 cdd,
1199 1545 1276 1606 quos
1309 1525 1440 1599 noverit,

183 1630 280 1694 Troia
307 1649 374 1692 esse
404 1627 598 1702 memoravit,
626 1627 838 1690 »Auctoritati
864 1635 998 1700 tamen»,
1021 1625 1132 1708 inquit,
1155 1626 1287 1689 »codicis
1308 1625 1440 1690 Floren-

179 1733 238 1795 tini
268 1729 303 1814 (i.
328 1750 353 1792 e.
376 1728 535 1808 Medicei)‚
567 1748 657 1810 quern
681 1727 856 1792 Gronovius
879 1726 999 1801 laudat,
1022 1729 1191 1790 cedendum
1215 1726 1361 1790 hocloco
1385 1747 1441 1790 ex-

178 1833 295 1906 istimo,
319 1831 444 1912 eiusque
469 1830 558 1892 unius
581 1830 641 1892 fide
670 1829 782 1892 Troiae
803 1848 918 1892 servo».
952 1828 979 1889 Ii
1003 1827 1125 1910 quidem
1149 1829 1297 1892 errabant
1316 1831 1353 1892 de
1372 1831 1440 1891 cdd.

179 1932 368 1996 Florentinis
402 1932 482 1992 male
516 1930 598 1992 docti
606 1950 615 2005 ;
649 1930 765 1992 nullam
796 1949 921 1992 causam
950 1929 1042 1991 affert
1062 1930 1202 2010 Madvig,
1225 1949 1278 1992 cur
1300 1930 1440 1992 dativum

178 2035 323 2098 retineat.
367 2034 415 2095 De
449 2031 548 2094 dativi
577 2031 607 2094 in
636 2031 695 2094 hac
723 2030 878 2093 locutione
902 2050 959 2092 usu
982 2031 1020 2092 cf.
1043 2030 1183 2110 Draeger
1204 2030 1288 2092 Hist.
1312 2030 1441 2113 Synt.§

181 2135 252 2198 193.
274 2135 316 2196 Η.
337 2135 362 2195 1.
385 2133 517 2196 Mueller
538 2132 570 2194 in
594 2133 641 2194 ed.
664 2125 693 2193 7.
720 2131 893 2194 Weisseub.

264 2235 295 2309 4,
317 2235 338 2296 4
365 2233 459 2296 Forte
487 2233 626 2318 quadam
648 2233 811 2295 divinitus.
853 2232 1097 2314 Distinguuutur
1120 2232 1243 2314 quidem
1266 2233 1322 2296 illa
1343 2233 1442 2296 inter-

181 2339 265 2412 dum,
293 2345 329 2398 ut
356 2335 447 2398 Caes.
476 2334 505 2394 b.
530 2334 569 2398 G.
596 2337 622 2407 l,
647 2335 685 2396 12
709 2334 773 2396 sive
797 2353 870 2395 casu
893 2332 958 2395 sive
982 2333 1108 2396 consilio
1131 2335 1256 2396 deorum
1279 2334 1443 2398 immorta-

181 2439 269 2511 lium,
292 2455 386 2517 quare
409 2437 536 2498 suerunt
558 2436 610 2517 qui
633 2436 795 2498 crederent
817 2434 950 2497 alterum
974 2435 1065 2498 alteri
1088 2435 1276 2498 contrarium
1301 2455 1368 2497 esse
1391 2455 1443 2496 se-

180 2539 385 2620 iungendum:
422 2536 515 2600 Forte
542 2537 680 2620 quedem
710 2557 751 2598 ac
779 2535 933 2597 divinitus
954 2535 1082 2616 Madvig
1105 2537 1284 2600 auctoribus
1307 2535 1443 2600 Grutern

182 2648 215 2702 et
243 2639 372 2704 Merula.
416 2637 514 2700 Nulla
541 2645 645 2699 autem
675 2637 734 2698 nisi
761 2636 946 2717 imaginaria
972 2636 1056 2700 inest
1077 2637 1108 2700 in
1131 2637 1169 2700 iis
1192 2637 1295 2700 verbis
1317 2644 1443 2700 contra-

184 2741 288 2804 dictio.
331 2741 441 2802 Monet
463 2738 523 2800 ism
550 2738 736 2812 Gronovius,
758 2739 884 2800 Fortem
907 2737 1019 2817 ipsam,
1042 2758 1097 2800 seu
1117 2759 1195 2820 quae
1214 2738 1345 2802 fortuita
1358 2738 1446 2800 uobis

184 2843 359 2914 videantur,
382 2839 506 2902 diviuse
529 2858 620 2901 curae
644 2838 801 2919 adsignari
824 2858 844 2900 a
866 2839 1033 2902 veteribus.
1073 2839 1212 2902 Occultis
1227 2839 1329 2902 causis
1344 2858 1445 2902 rerum

183 2943 324 3006 homines
352 2942 433 3003 forte
460 2940 526 3002 lieri
554 2947 679 3020 putant,
707 2959 786 3021 quae
809 2940 876 3002 fato
899 2942 1081 3002 factasunt
1103 2941 1168 3002 sive
1190 2940 1341 3004 divinitus
1363 2940 1447 3002 acci-

184 3046 306 3107 derunt.
350 3041 413 3106 Ubi
446 3041 523 3104 dicit
553 3041 661 3104 Livius
689 3041 719 3114 5,
741 3039 793 3115 49,
818 3040 832 3101 l
857 3041 955 3103 »Nam
979 3041 1059 3106 forte
1083 3043 1216 3122 quadam
1242 3041 1377 3104 dictator
1397 3041 1447 3102 in-

184 3144 347 3216 tervenit»,
369 3143 396 3204 si
418 3142 557 3222 proxime
579 3141 800 3222 praecedentia
821 3139 941 3224 (diique
964 3152 996 3205 et
1018 3142 1157 3208 homines
1180 3141 1448 3223 prohibuerered-

187 3254 309 3326 emptos
334 3244 439 3306 vivere
466 3243 641 3321 Romanos)
670 3241 863 3323 respicimus,
885 3242 944 3304 hoc
966 3243 1067 3323 ipsum
1092 3244 1183 3306 dicit:
1207 3245 1286 3306 forte
1312 3243 1447 3324 quadam

185 3346 347 3410 divinitus.
390 3343 543 3408 Similiter
572 3363 618 3418 eo,
650 3344 700 3424 qui
724 3345 825 3417 adest,
848 3343 914 3406 loco
936 3344 1014 3407 baec
1036 3347 1241 3425 praecedunt:
1265 3344 1328 3408 Sed
1352 3344 1448 3406 debe-

186 3450 280 3511 batur
307 3446 383 3510 latis
405 3453 515 3508 tantae
538 3445 621 3525 origo
644 3443 739 3508 urbis.
784 3443 831 3506 Cf.
854 3445 906 3518 22,
927 3445 979 3520 42,
1004 3445 1042 3509 10
1064 3446 1116 3508 Dii
1139 3466 1235 3527 prope
1256 3445 1318 3526 ipsi
1340 3465 1376 3507 eo
1398 3443 1448 3507 die

186 3548 286 3630 magis
313 3547 461 3610 distulere
489 3565 580 3627 quam
604 3545 787 3626 prohibuere
809 3545 1022 3610 imminentem
1047 3555 1164 3628 pestem
1187 3546 1354 3621 Rcmsnis3
1376 3565 1448 3608 uam

186 3652 267 3714 forte
289 3649 335 3712 ita
358 3647 462 3710 evenit
483 3666 550 3727 sqq.
573 3647 682 3728 Neque
706 3665 774 3708 cum
797 3645 907 3708 scribit
928 3647 1036 3710 Livius
1058 3650 1088 3722 3,
1113 3649 1142 3722 3,
1164 3649 1185 3710 4
1207 3649 1301 3712 Forte
1323 3647 1364 3710 ab
1387 3645 1449 3708 Al·

187 3752 257 3833 gido
291 3748 457 3821 Quinctius
491 3748 597 3811 consul
628 3747 764 3810 redieret
786 3746 929 3822 Romam,
952 3747 1010 3810 hoc
1032 3750 1095 3812 ullo
1117 3750 1207 3813 modo
1230 3749 1347 3812 dictum
1370 3747 1449 3820 vult,

187 3871 262 3915 casu
290 3849 419 3914 fortuito
442 3850 473 3911 id
497 3849 656 3922 accidisse,
679 3849 732 3912 sed
757 3847 933 3929 contigisse,
956 3857 992 3912 ut
1013 3851 1129 3914 rediret
1150 3851 1181 3914 iu
1205 3869 1327 3912 summa
1349 3849 1449 3929 trepi-

188 3954 314 4016 datione
341 3951 561 4014 Romauorum.
605 3949 666 4012 Est
688 3950 771 4030 apud
795 3948 933 4014 Graecos
958 3953 1035 4031 θείᾳ
1058 3957 1120 4014 ervi
1142 3950 1226 4040 τύχῃ.
1248 3949 1356 4031 Eurip.
1380 3949 1449 4030 lph.

188 4054 262 4117 Aul.
291 4054 350 4116 351
381 4049 574 4134 ἐξεπλήσσου
595 4053 630 4140 τῇ
651 4045 726 4140 ιήχῃ
747 4052 782 4139 τῇ
803 4052 867 4112 τῶν
892 4055 991 4128 θεῶν,
1016 4055 1129 4118 Medea
1150 4047 1209 4117 671
1236 4049 1373 4122 ἄπαιδές
1395 4050 1448 4114 ἐσ-

188 4177 246 4236 pso
268 4154 424 4235 δαίμονός
446 4174 531 4227 τινος
553 4151 636 4242 τύχῃ.
672 4152 815 4215 Obscura
836 4162 920 4228 sunt,
944 4175 1023 4238 quae
1042 4155 1132 4219 addit
1145 4154 1290 4236 Madvig:
1314 4151 1451 4226 »Livius

189 4258 278 4321 bomo
301 4257 332 4319 in
355 4257 448 4319 rebus
470 4255 511 4317 ad
533 4255 710 4336 religionem
734 4253 963 4334 pertinentibus
986 4256 1195 4330 cautissimus,
1218 4256 1374 4318 affirmare
1390 4273 1450 4315 nou

189 4359 302 4440 potuit,
335 4359 394 4421 hoc
427 4356 576 4420 divinitus
605 4357 723 4418 factum
753 4371 836 4428 esse;
863 4359 925 4420 vid.
949 4359 1039 4422 modo
1061 4359 1077 4440 §
1098 4359 1134 4420 2:
1157 4377 1213 4420 seu
1234 4357 1281 4418 ita
1303 4363 1374 4418 rata
1395 4373 1450 4415 seu

190 4460 264 4543 quia
290 4468 367 4523 cet».
411 4460 480 4521 Hoc
509 4476 582 4520 vero
611 4457 650 4518 ad
679 4454 801 4518 Tiberis
823 4453 1056 4522 inundationem
1081 4478 1140 4522 uon
1163 4457 1309 4539 pertinet.
1352 4453 1451 4528 Alibi,

190 4569 226 4624 ut
248 4579 343 4642 supra
365 4561 404 4623 ad
428 4559 532 4621 Praef.
555 4559 575 4620 5
598 4556 713 4630 monui,
736 4560 897 4622 contendit
917 4560 1052 4633 Livium,
1075 4560 1101 4622 si
1124 4579 1187 4622 rem
1212 4577 1285 4622 casu
1301 4555 1451 4620 accidisse

189 4661 382 4726 intellectum
405 4658 566 4734 voluisset,
588 4657 738 4722 divinitus
762 4658 879 4723 factum
903 4669 1078 4742 spreturum
1103 4660 1210 4724 fuisse.

273 4763 303 4836 4,
326 4763 345 4825 5
368 4760 466 4825 eluvie
489 4760 666 4824 coniectura
688 4766 737 4821 est
759 4757 970 4838 Gronoviana,
993 4764 1031 4836 de
1054 4762 1141 4824 cuius
1158 4758 1354 4841 praestantia
1374 4777 1452 4821 non-

190 4866 263 4928 dum
298 4863 372 4926 mihi
401 4863 481 4926 satis
508 4879 690 4944 persuasum
719 4867 776 4922 est.
820 4864 938 4928 Pueros
959 4863 992 4927 iu
1014 4863 1218 4944 profluentem
1241 4879 1354 4945 aquam
1377 4859 1452 4923 mit·
