3584 5632
481 648 682 722 Epilagomeua
703 650 739 706 ad
761 651 794 706 Τ.
818 649 890 708 Livii
913 652 1017 707 librum
1038 653 1170 722 primurn.
1414 657 1452 712 59

200 826 288 884 runt:
323 837 415 902 quam
444 827 573 902 potuere
600 821 880 886 tumultuosissime
901 824 932 886 iu
955 843 989 887 se
1011 843 1117 888 omues
1141 825 1334 906 apparitores
1356 827 1456 909 regios

200 928 401 998 convertuut3
431 924 511 1006 quod
541 942 608 986 oum
631 923 702 984 »vix
723 931 824 986 recte»
846 925 977 999 dicatur,
999 945 1109 1006 »quam
1132 934 1260 1006 potuere
1282 929 1456 992 tumultuo-
1503 912 1508 920 ’

197 1021 341 1086 sissimae
363 1023 466 1104 specie
487 1024 591 1086 rinae»
613 1024 812 1104 scripserunt.

281 1123 332 1198 40,
355 1118 375 1186 7
399 1122 477 1188 Cum
498 1125 640 1204 inrepsit,
664 1125 725 1199 ubi,
749 1133 785 1187 ut
807 1127 908 1190 estin
931 1128 1011 1201 cdd,
1033 1125 1123 1190 Dum
1141 1128 1291 1208 scriptum
1307 1131 1454 1210 oportuit.

196 1225 268 1287 Non
290 1227 388 1290 solum
413 1227 519 1290 eodem
542 1233 682 1308 tempore
705 1227 833 1302 lactum,
855 1229 909 1290 sed
933 1228 1027 1292 etiam
1050 1249 1100 1291 ras
1123 1229 1278 1292 contraria
1300 1230 1455 1312 signitica-

196 1333 259 1388 tur.
303 1326 455 1390 Similiter
482 1329 512 1401 2,
534 1322 628 1401 tao
657 1328 728 1390 dum
758 1331 893 1408 praedae
923 1330 1021 1411 magis
1045 1349 1135 1411 quam
1160 1350 1282 1411 pugnae
1305 1351 1455 1395 memores

195 1435 335 1490 tererent
368 1435 501 1508 tempus,
535 1429 634 1491 triarii
667 1429 800 1492 Romani
822 1465 864 1476 —
886 1431 1035 1510 proelium
1069 1440 1230 1494 renovant.
1281 1431 1457 1513 Opponitur

196 1527 280 1590 alius
312 1529 407 1604 locus,
441 1529 504 1592 alia
534 1531 624 1592 sedes
652 1530 725 1592 belli
751 1531 798 1604 10,
824 1530 911 1606 18,1
936 1531 1018 1594 Dum
1042 1533 1132 1594 eain
1156 1533 1283 1596 Samnio
1306 1553 1457 1616 -gere-

196 1636 317 1703 rentur,
338 1631 488 1694 Romanis
510 1631 541 1692 in
565 1631 693 1694 Etruria
713 1631 837 1694 interim
861 1633 975 1694 bellum
998 1633 1107 1715 ingens
1130 1633 1236 1696 multis
1259 1654 1298 1696 ex
1313 1636 1457 1716 gentibus

197 1731 346 1793 concitur.
391 1732 453 1794 Ubi
476 1733 616 1813 sequitur
639 1732 852 1794 coniunctivus
874 1733 993 1814 pariter
1015 1741 1110 1816 atque
1131 1734 1161 1808 6,
1180 1735 1240 1808 1,6
1258 1755 1325 1798 curn
1346 1736 1457 1799 civitas

195 1831 230 1892 in
259 1851 350 1914 opere
435 1841 604 1906 teneretur,
636 1833 759 1896 interim
790 1841 849 1896 oet.
893 1835 999 1897 Etiam
1027 1836 1088 1897 ulio
1116 1835 1292 1918 significatu
1321 1838 1393 1900 dum
1417 1840 1457 1901 ad

197 1932 433 1997 similitudinem
457 1935 586 1997 alterius
610 1935 832 1997 coniunctionis
856 1937 965 1998 eadem
986 1943 1146 1999 structura
1168 1937 1289 2001 accedit
1311 1935 1362 2012 39,
1374 1937 1458 2012 tas

198 2033 357 2097 clauserat
389 2041 510 2115 portam
545 2036 648 2110 turba,
682 2035 754 2097 dnm
788 2055 843 2116 pro
875 2057 907 2098 se
936 2037 1073 2120 quisque,
1104 2039 1163 2100 nisi
1185 2039 1251 2119 ipse
1275 2039 1371 2101 oculis
1394 2041 1457 2101 suis

198 2135 392 2210 credidisset,
425 2137 478 2198 vix
505 2156 560 2218 pro
589 2145 748 2217 comperta
775 2145 897 2200 tautam
921 2157 985 2200 rem
1008 2139 1172 2203 habiturus
1194 2140 1361 2203 videretur.
1405 2140 1457 2204 Ad

197 2236 258 2298 hoc
280 2237 420 2300 Crevier:
444 2237 564 2319 »Magis
586 2238 725 2318 placeret
746 2239 887 2300 uidetur:
909 2259 946 2301 ae
967 2240 1020 2303 vix
1042 2241 1223 2304 dubitamus
1237 2241 1282 2304 sic
1297 2241 1457 2322 scripsisse

198 2337 333 2400 Livium.
377 2339 446 2401 Nisi
470 2339 534 2401 loco
556 2339 612 2402 τοῦ
634 2339 709 2402 dum
732 2340 893 2420 legendum
919 2348 968 2402 est
990 2363 1086 2404 cum».
1120 2341 1211 2413 Quod
1226 2343 1360 2422 probant
1375 2344 1458 2406 Dra-

197 2438 356 2502 kenborch
385 2447 417 2502 et
444 2441 581 2523 Madvig.
625 2441 717 2503 Locis
744 2459 840 2521 supra
862 2441 967 2504 allatis
990 2444 1061 2505 dum
1084 2443 1116 2506 in
1140 2463 1208 2505 cum
1232 2451 1385 2506 mutatum
1411 2452 1460 2506 est

199 2558 222 2600 a
243 2538 399 2604 Gronovio
422 2548 454 2604 et
475 2542 643 2623 Madvigio.
681 2541 737 2605 Of:
752 2542 840 2622 Virg.
864 2542 944 2605 Aen.
970 2544 997 2617 1,
1020 2543 1039 2606 b
1061 2545 1165 2607 Multa
1186 2564 1306 2626 quoque
1326 2552 1358 2606 et
1378 2545 1458 2607 bello

198 2659 323 2720 passus,
345 2643 418 2704 dum
442 2643 588 2706 conderet
610 2643 727 2716 urbem,
751 2642 863 2724 Georg.
886 2643 917 2717 4,
939 2637 1002 2706 457
1024 2645 1096 2707 dum
1120 2653 1151 2706 te
1174 2647 1305 2726 fugeret,
1327 2645 1458 2728 hydrum

201 2775 241 2788 -
264 2761 323 2804 non
352 2743 431 2806 vidit
457 2744 490 2806 in
512 2744 619 2806 herba.
659 2743 793 2807 Phaedr.
819 2745 846 2818 l,
868 2743 888 2806 4
912 2745 1006 2808 Oanis
1029 2747 1218 2827 per'llumen
1242 2765 1364 2810 carnem
1388 2748 1459 2810 dum

200 2843 297 2905 ferret
319 2850 433 2906 natans
455 2844 666 2926 Lympharum
690 2844 722 2906 in
745 2846 870 2925 speculo
893 2845 972 2908 vidit
994 2847 1191 2910 simulacrum
1215 2868 1314 2911 suum.

284 2945 336 3018 41,
358 2946 378 3007 3
405 2966 474 3008 mee
496 2945 645 3009 0000111οε
675 2953 732 3009 100
755 2946 884 3008 consilia
905 2953 1041 3027 torpent,
1064 2967 1134 3012 mea
1156 2969 1216 3011 non
1238 2957 1364 3030 torpent
1386 2969 1460 3012 eun·

199 3043 281 3118 eilia,
308 3045 442 3109 destitus
471 3047 606 3110 consiliis
635 3047 764 3110 consiliu
785 3067 805 3108 a
827 3066 875 3109 me
897 3056 979 3130 pete.
1024 3049 1114 3121 Quod
1137 3070 1248 3130 genero
1272 3052 1405 3124 deesset,
1427 3051 1458 3112 id

199 3146 301 3226 ipsum
326 3167 346 3208 a
367 3166 455 3210 socru
479 3149 602 3211 abunde
625 3149 701 3210 dari.
745 3149 814 3212 Non
839 3157 887 3210 est
909 3150 1010 3213 inanis
1034 3152 1228 3232 macrologia.
1263 3151 1340 3214 Tum
1365 3171 1460 3232 prop-

200 3247 258 3309 ter‘
272 3247 433 3330 emphasin
456 3256 523 3312 tum
547 3249 780 3330 perspicuitatis
803 3269 898 3312 eausa
919 3249 1027 3314 Livius
1045 3271 1138 3333 saepe
1156 3253 1187 3314 in
1207 3254 1315 3315 eadem
1334 3252 1459 3333 periodo

200 3367 301 3423 voces,
336 3369 415 3431 quae
447 3357 693 3430 praecesserunt,
727 3351 853 3430 repetit,
887 3371 1037 3432 quaeque,
1071 3354 1096 3414 si
1128 3354 1284 3428 abessent,
1307 3353 1398 3416 facile
1421 3374 1460 3416 ex

200 3449 268 3530 ipso
291 3470 372 3514 nexu
395 3451 543 3515 orationis
566 3452 703 3533 suppleri
725 3459 860 3532 possent.
885 3453 914 3526 3,
927 3453 1010 3526 54,ss
1028 3473 1089 3535 qua
1105 3454 1155 3515 hic
1174 3456 1327 3517 modestia
1345 3453 1460 3529 fuistis,

202 3551 256 3612 ubi
284 3552 398 3614 nullius
426 3571 562 3633 ager-
585 3561 633 3615 est
655 3554 801 3628 violatus,
824 3573 893 3615 eam
917 3555 1099 3617 modestiam
1121 3540 1203 3618 ‘ferte
1225 3555 1255 3617 in
1280 3557 1396 3618 urbem.
1431 3556 1461 3630 3,

201 3651 252 3726 54,
274 3653 294 3714 3
317 3652 440 3734 Appius
465 3689 497 3698 --
525 3655 627 3716 odium
650 3654 681 3716 in
704 3675 737 3716 se
760 3655 889 3716 aliorum
913 3674 969 3716 suu
991 3656 1022 3716 in
1046 3677 1097 3718 eos
1121 3658 1251 3720 metiens
1270 3657 1348 3720 odio.
1383 3659 1412 3729 2,
1431 3651 1461 3731 7,

201 3753 221 3814 2
243 3753 367 3816 silentio
390 3755 490 3818 noctis
512 3791 552 3802 -·-
574 3755 730 3837 ingentem
755 3756 870 3818 editam
894 3775 1010 3830 vocem,
1033 3757 1153 3820 Silvani
1176 3777 1281 3820 vocem
1306 3779 1374 3822 eam
1394 3777 1461 3819 cre-

201 3853 310 3916 ditam.
344 3857 373 3928 2,
396 3857 447 3928 31,
469 3857 489 3918 3
516 3857 595 3919 Post
622 3876 758 3938 pugnam
786 3858 825 3918 ad
848 3857 1001 3937 Regillum
1027 3859 1127 3921 lacum
1151 3880 1211 3921 nou
1235 3861 1297 3922 alia
1319 3859 1380 3921 illis
1404 3879 1461 3920 an-

201 3954 249 4016 nis
277 3975 382 4036 pugna
410 3957 521 4020 clarior
548 3957 616 4020 fuit.
650 3961 679 4032 3,
703 3958 753 4032 31,
776 3956 795 4019 6
817 3958 883 4019 Nec
906 3958 982 4020 haec
1005 3961 1139 4039 priorum
1163 3961 1327 4024 calamitas
1349 3979 1461 4023 consu-

202 4056 264 4118 lum
298 4059 455 4138 segniores
483 4079 578 4122 novoe
606 4061 724 4122 lecerat
752 4059 902 4122 consules.
936 4061 965 4132 3,
989 4055 1039 4134 37,
1062 4061 1083 4122 4
1106 4063 1185 4124 duae
1208 4063 1335 4125 tabulae
1358 4062 1459 4141 legum

203 4159 242 4218 ad
265 4158 375 4239 prioris
398 4160 470 4223 anni
494 4161 599 4223 decern
622 4161 748 4222 tabulas
771 4168 862 4221 erant
885 4161 1035 4223 adiectae.
1071 4163 1121 4236 21,
1139 4162 1221 4236 21,9
1240 4163 1367 4224 Herculi
1387 4169 1461 4224 vota

202 4259 338 4321 exsolvit
364 4260 511 4342 novisque
534 4282 567 4324 se
589 4262 709 4342 obligat
731 4262 820 4324 votis.
855 4262 905 4334 23,
929 4257 979 4335 37,
1005 4262 1042 4324 10
1066 4263 1187 4334 Quibus
1211 4265 1319 4326 diebus
1343 4265 1459 4326 Ournae

202 4360 353 4423 liberatae
387 4370 460 4424 sunt
493 4363 662 4437 obsidione,
694 4363 804 4425 iisdem
839 4362 947 4424 diebus
976 4372 1007 4424 et
1035 4366 1066 4426 iu
1094 4366 1230 4428 Lucanis
1259 4365 1461 4446 Sempronius

202 4480 347 4542 prospere
381 4472 509 4544 pugnat.
542 4464 646 4539 8,11,
671 4464 708 4526 13
736 4465 869 4525 Latinus
899 4484 971 4544 ager
998 4465 1174 4528 Privernati
1203 4467 1309 4529 addito
1333 4485 1406 4545 agro
1429 4474 1461 4526 et

200 4562 353 4648 Falernus
387 4564 469 4644 plebi
503 4565 661 4628 dividitur.
695 4563 725 4639 9,
748 4565 799 4639 24,
824 4565 858 4625 11
891 4564 1016 4645 Trepidi
1050 4568 1253 4649 magistratus
1287 4567 1389 4629 missis
1420 4568 1460 4628 ad

202 4681 303 4726 arcem
329 4665 587 4745 exploratoribus,
610 4687 678 4730 cum
702 4675 839 4729 armatos
862 4673 967 4729 tenere
991 4687 1091 4730 arcem
1111 4669 1318 4748 multiplicato
1335 4687 1461 4731 numeru

201 4765 355 4841 audirent,
379 4775 526 4830 avertunt
548 4767 667 4832 animos
690 4789 709 4830 a
731 4787 786 4848 spe
808 4769 1038 4847 recuperandae
1060 4769 1149 4831 arcis.
1194 4771 1240 4832 Ut
1263 4789 1308 4844 eo,
1332 4770 1382 4851 qui
1405 4789 1461 4832 no-

201 4865 250 4929 bis
272 4869 372 4944 adest,
397 4867 465 4932 loeo
485 4869 631 4952 repetitio
654 4870 737 4934 vocis
761 4868 889 4934 consilia
908 4869 1057 4947 Medium,
1076 4870 1258 4946 Gruterum,
1275 4871 1352 4936 alios
1369 4871 1460 4938 hodie
