3584 5632
468 684 669 756 Epilegomena
692 685 727 738 ad
751 685 782 739 T.
808 684 878 740 Livii
903 683 1004 740 librum
1027 685 1159 755 primum.
1406 688 1443 740 19

155 853 338 934 acceptior
360 863 418 917 est.
452 857 569 918 Verum
595 877 632 918 ne
654 857 681 918 is
705 857 827 938 quidem
851 856 998 920 abhorret
1020 857 1060 918 ab
1083 877 1140 918 usu
1163 855 1273 931 dativi,
1292 857 1442 919 cf.Drae-

157 973 234 1034 ger
256 955 272 1037 ξ
296 948 365 1017 197.
956 953 958 960 ’

266 1049 318 1130 57,
341 1057 360 1118 2
389 1055 585 1129 ministeriis,
617 1058 814 1137 »legendumz
848 1057 1034 1120 Ministerio.
1064 1079 1121 1120 uec
1143 1077 1220 1138 opus
1243 1065 1291 1119 est
1313 1056 1364 1120 hic
1385 1079 1445 1120 nu-

165 1175 267 1218 mero
291 1157 528 1230 multitudiuis»,
552 1157 733 1220 Rhenanus.
778 1160 829 1220 Ita
850 1159 944 1239 igitur
967 1159 1063 1221 fuisse
1086 1159 1116 1220 in
1141 1159 1207 1221 cod.
1231 1159 1338 1220 Vorm.
1361 1159 1445 1221 veri-

168 1257 283 1318 simile
307 1267 370 1333 est;
394 1265 477 1320 certe
500 1259 534 1320 M
557 1259 601 1320 sic
623 1259 729 1322 habet.
764 1259 864 1321 Erant
888 1268 993 1321 tamen
1018 1259 1080 1322 alia
1104 1253 1276 1322 ministeria
1288 1260 1444 1322 fabrorum

170 1359 392 1434 ferrariorum,
423 1359 487 1420 alia
514 1360 716 1440 tignariorum
740 1361 991 1442 (distinguuntur
1012 1359 1064 1435 59,
1086 1358 1106 1422 9
1129 1361 1254 1440 opifices
1277 1381 1313 1422 ac
1336 1361 1445 1441 lapici-

173 1452 275 1544 dae);
310 1460 508 1541 quamobrem
538 1461 702 1522 retinenda
730 1469 779 1522 est
806 1462 933 1541 scriptio
956 1462 1142 1543 reliquorum
1167 1463 1234 1528 cdd.
1258 1471 1353 1542 atque
1377 1462 1445 1524 edd.

177 1571 259 1622 ante
281 1560 401 1634 Alsch,
424 1562 463 1622 ad
488 1581 578 1642 quam
602 1562 761 1624 redierunt
783 1562 844 1622 iam
869 1562 1083 1624 recentissimi.

268 1660 319 1736 60,
341 1664 361 1723 2
389 1661 545 1723 coucierot
573 1681 612 1724 ex
639 1663 673 1724 Μ
696 1663 842 1724 haustum
868 1664 906 1724 ab
929 1663 1037 1724 Alsch.
1062 1663 1152 1725 avide
1175 1683 1281 1725 omnes
1304 1683 1447 1743 sumpse-

181 1771 273 1836 runt;
296 1771 370 1824 ante
393 1763 473 1824 enim
499 1764 602 1824 luerat
626 1782 663 1824 ex
685 1763 812 1844 reliquis
836 1765 901 1825 cdd.
927 1765 1111 1837 conciverat,
1134 1763 1192 1825 nisi
1211 1766 1291 1845 quod
1310 1765 1448 1826 transal-

183 1863 250 1944 pini
273 1870 305 1924 et
327 1865 396 1925 edd.
420 1872 493 1925 aute
515 1863 632 1926 Aldum
657 1865 809 1944 praebent
831 1866 1048 1927 concitauerat.
1094 1865 1250 1928 Constans
1273 1872 1377 1927 autem
1400 1873 1448 1927 est

184 1964 268 2026 Livii
296 1964 422 2045 scriptio
451 1966 636 2038 conciuerat,
660 1973 695 2026 ut
717 1964 746 2040 6,
769 1962 799 2040 l,
824 1967 838 2026 1
865 1973 897 2027 et
918 1964 949 2039 9,
972 1959 1022 2040 37,
1048 1967 1076 2038 l,
1099 1965 1302 2047 similiterque
1325 1967 1448 2039 accivit,

185 2065 351 2138 acciverat,
374 2065 447 2140 alia,
470 2074 506 2127 ut
528 2067 557 2141 3,
580 2065 632 2139 50,
654 2067 683 2127 2.
709 2067 736 2138 l,
760 2065 810 2140 28,
833 2069 861 2128 2.
888 2068 916 2140 1,
941 2067 989 2140 18,
1012 2069 1041 2128 3.

270 2166 400 2230 Minoris
435 2167 582 2228 momenti
614 2175 697 2240 sunt,
728 2187 806 2248 quae
836 2168 920 2230 solus
943 2169 991 2229 vel
1014 2167 1111 2230 Hertz
1133 2169 1182 2230 vel
1205 2166 1386 2230 Alschefski
1410 2187 1449 2229 ex

185 2268 220 2329 M
243 2274 405 2330 mutuatus
428 2275 491 2329 est:
514 2267 638 2347 scripsit
661 2267 714 2329 ille
736 2268 787 2342 45,
810 2267 830 2330 6
853 2267 1010 2338 Quidnam
1033 2276 1067 2331 tu
1090 2269 1203 2350 hospes
1218 2267 1377 2349 pararas?‚
1399 2268 1450 2330 hic

187 2377 291 2431 autem
329 2367 420 2440 14‚4
448 2368 645 2447 occupabant
677 2369 793 2430 bellum
827 2369 939 2442 facere,
973 2369 1047 2431 item
1078 2370 1151 2443 alia,
1182 2389 1261 2452 quae
1287 2369 1348 2431 iarn
1372 2370 1449 2432 vitio

185 2470 266 2532 verti
289 2469 334 2530 illi
358 2468 454 2530 codici
477 2488 545 2531 cum
570 2463 681 2531 ceteris
705 2479 894 2549 comparato.
939 2467 1043 2540 Quid?
1067 2473 1159 2552 quod,
1182 2491 1261 2552 quae
1284 2471 1450 2533 correctio-

186 2592 242 2633 nes
273 2590 340 2632 esse
368 2570 546 2643 ereduntur,
569 2589 798 2650 nonnumquam
822 2571 897 2632 nihil
921 2570 1006 2632 aliud
1029 2580 1102 2634 sunt
1124 2571 1183 2633 nisi
1206 2571 1307 2651 aperti
1331 2591 1449 2634 errores

186 2670 389 2743 Alschefshii,
423 2690 500 2752 quos
529 2670 581 2732 alii
612 2670 817 2734 celebrarunt.
861 2671 952 2742 Quod
976 2668 1005 2745 7,
1031 2674 1043 2733 l
1069 2674 1142 2735 inde
1164 2673 1204 2734 ab
1227 2672 1311 2734 Aldo
1333 2673 1450 2736 scribe-

187 2773 282 2834 batur
304 2793 334 2834 ee
357 2771 557 2846 ostendisset,
577 2774 609 2834 in
633 2791 696 2834 oeae
718 2773 832 2834 mutari
856 2781 998 2853 coeptum
1023 2782 1071 2836 est
1094 2793 1131 2836 ea
1152 2774 1223 2854 ipsa
1243 2774 1398 2854 scriptura
1412 2793 1450 2835 ex

188 2875 223 2936 Μ
251 2873 368 2948 relata3
399 2874 454 2934 sed
483 2873 596 2934 falsum
619 2873 650 2934 id
675 2881 733 2945 est,
756 2893 827 2934 nam
851 2873 1039 2952 impediente
1063 2875 1145 2954 plica
1168 2882 1241 2936 ante
1264 2875 1348 2936 illam
1373 2875 1451 2936 scri-

189 2977 261 3037 bere
292 2973 415 3036 destitit
442 2973 586 3036 librarius
609 2974 772 3054 deletoque
796 2977 876 3056 quod
900 2974 942 3036 ibi
964 2975 1167 3037 inchoaverat
1187 2975 1219 3036 iu
1242 2975 1336 3055 plano
1358 2997 1389 3038 oe
1410 2976 1451 3037 il-

189 3077 243 3138 lud
270 3074 393 3138 statuit.
437 3073 596 3136 Adfirmat
623 3073 705 3136 idem
728 3075 896 3137 Riemann:
926 3075 1021 3138 »c’est
1043 3077 1080 3139 de
1105 3077 1148 3137 lre
1171 3076 1252 3138 main
1278 3097 1336 3158 que
1360 3077 1387 3139 le
1408 3077 1452 3136 Ill

189 3199 221 3238 oe
249 3183 298 3238 est
326 3171 423 3237 effacd
452 3176 530 3237 dans
557 3176 618 3239 M».
662 3175 748 3237 Ante
778 3175 884 3237 Alsch.
917 3177 964 3249 12,
987 3175 1007 3238 6
1029 3197 1152 3256 semper
1174 3177 1324 3257 scriptum
1348 3178 1452 3240 luerat

191 3277 276 3362 quod
296 3285 529 3339 monumentum
550 3277 592 3338 sit
610 3277 762 3360 posterla
785 3283 818 3338 at
840 3277 870 3337 in
894 3278 921 3339 P
942 3287 1139 3340 monumento
1161 3279 1191 3339 in
1214 3283 1451 3340 monumentis

189 3378 293 3440 scriba
318 3377 386 3458 ipso
415 3385 583 3439 correctum
607 3385 738 3440 erat-
761 3386 793 3438 et
815 3377 872 3439 hoc
894 3397 949 3456 pro
972 3398 1046 3439 vera
1069 3399 1107 3440 m.
1134 3380 1160 3441 1.
1182 3378 1359 3441 habendum
1384 3399 1451 3441 esse

190 3479 285 3542 etiam
318 3478 529 3559 Heerwageno
563 3479 676 3540 collato
709 3478 932 3558 Bambergensi
961 3479 1096 3560 mihique
1124 3479 1237 3541 collato
1260 3480 1451 3542 Floriacensi

191 3588 309 3643 certum
339 3579 463 3641 videtur
484 3615 535 3652 —-,
564 3599 643 3660 quae
666 3580 745 3640 satis
768 3579 861 3660 plena
883 3579 963 3641 ratio
985 3580 1171 3655 habebatur,
1195 3600 1248 3642 cur
1269 3580 1451 3643 Alschefski

192 3681 325 3744 Medicei
347 3687 579 3776 ceterorumque
602 3680 718 3742 oblitus
740 3690 972 3742 monumentum
993 3681 1025 3742 in
1050 3689 1171 3743 textum
1194 3681 1354 3762 reciperet.

275 3781 357 3843 Mira
391 3781 543 3843 aviditate
576 3781 684 3862 petitis
719 3801 756 3842 ex
785 3783 819 3844 M
846 3781 894 3854 iis,
922 3801 1000 3862 quae
1030 3782 1068 3842 ad
1093 3783 1262 3844 orationem
1286 3783 1451 3845 Livianam

193 3882 418 3946 emendandam
453 3882 569 3964 aliquid
604 3882 741 3944 conferre
775 3889 971 3961 putarentur,
999 3883 1123 3944 minime
1153 3884 1260 3945 credas
1284 3884 1451 3966 quidquam

191 3983 223 4046 iu
247 4004 282 4047 eo
306 3989 413 4063 aptum
438 3983 506 4044 usui
530 4003 607 4057 esse,
631 3984 711 4064 quod
737 3983 909 4064 neglectum
933 3983 1045 4044 iaceat.
1086 3983 1134 4045 At
1155 3983 1326 4046 videamus.
1359 3985 1411 4061 25,
1432 3983 1474 4048 9.

193 4085 337 4147 Albanus
360 4082 514 4146 exercitus
536 4084 687 4146 inclamat
710 4081 874 4157 Curiatiis,
897 4085 943 4145 uti
965 4103 1053 4164 opem
1078 4086 1181 4147 ferant
1203 4085 1303 4146 fratri.
1346 4085 1451 4149 Docu-

194 4194 261 4249 erat
294 4185 355 4247 iam
385 4183 494 4246 Alsoh.
522 4185 553 4247 in
577 4185 611 4246 Μ
634 4184 693 4265 legi
716 4185 877 4247 curiatios.
922 4184 975 4246 Sic
998 4185 1092 4247 etiam
1115 4185 1141 4247 B
1165 4193 1197 4246 et
1219 4186 1315 4266 Magl.
1337 4187 1453 4249 habere

191 4295 329 4349 testatur
350 4285 514 4348 Riemann.
558 4285 594 4347 Id
617 4305 690 4348 vero
713 4286 853 4366 congruit
876 4304 943 4347 cum
967 4285 1120 4348 scribendi
1145 4287 1365 4351 consuetudine
1386 4295 1453 4349 tum

192 4387 274 4450 Livii
302 4395 367 4449 tum
392 4385 537 4448 aliorum:
559 4385 590 4460 8,
611 4384 642 4460 9,
663 4387 685 4448 4
707 4387 866 4448 Valerium
892 4405 1006 4468 magna
1028 4406 1102 4449 voce
1122 4387 1284 4462 inclamat,
1309 4389 1358 4461 10,
1380 4388 1411 4462 4,
1433 4386 1453 4449 8

192 4489 343 4551 inclamat
370 4487 459 4561 alios,
488 4487 560 4569 quid
583 4496 752 4561 cessarent,
774 4486 825 4561 26,
851 4488 900 4560 15,
925 4488 956 4548 ll
985 4488 1128 4549 Fulvium
1153 4487 1309 4550 Vibellius
1331 4489 1454 4550 nomine

192 4589 384 4652 inclamavit.
428 4588 499 4651 Iure
533 4587 652 4650 mireris
681 4609 719 4650 ne
742 4607 845 4650 eorum
870 4588 992 4669 quidem
1018 4609 1214 4670 quemquam,
1237 4589 1288 4670 qui
1311 4589 1399 4670 quasi
1421 4589 1452 4650 in

193 4709 303 4752 nomen
331 4688 464 4752 Medicei
490 4688 781 4763 iuraverintshanc
803 4689 886 4750 illius
910 4689 1095 4768 scripturam
1120 4690 1183 4751 ulla
1206 4689 1362 4751 mentione
1385 4690 1453 4771 dig-

191 4811 263 4853 nam
286 4789 480 4854 iudicavisse.
