3584 5632
333 665 371 718 70
617 664 817 735 Epilcgomena
838 665 874 720 ad
896 665 926 718 T.
952 664 1023 718 bivii
1046 665 1148 720 librum
1171 666 1300 735 primum.

332 835 449 898 frustra
482 843 644 898 monuerat
678 831 875 920 Rhenanus).
920 835 966 898 Ut
998 835 1048 897 hic
1082 835 1144 897 iam
1177 837 1216 897 ab
1246 833 1388 898 omnibus
1417 836 1598 916 praefertur

331 933 414 1016 prior
447 956 520 1018 pars
554 937 686 1018 duplicis
719 936 902 1016 scripturae,
933 937 977 998 sic
1000 945 1105 998 nostro
1128 937 1194 999 loco
1218 935 1302 1016 prins
1325 937 1401 998 illud
1420 958 1482 1021 per
1504 957 1597 1020 quem

330 1037 567 1116 praeferendum
592 1057 658 1099 esse
680 1037 793 1110 iudico,
815 1037 908 1118 idque
932 1059 966 1100 eo
990 1037 1088 1118 magis
1112 1039 1191 1118 qnod
1216 1037 1309 1098 etiam
1333 1037 1519 1118 transalpini
1532 1058 1597 1122 per

332 1159 421 1222 quem
443 1146 581 1200 tuentur.
616 1137 816 1219 Subsequens
839 1158 911 1199 vero
934 1160 986 1200 eas
1008 1139 1137 1222 nuptias
1159 1146 1337 1218 suspectum
1357 1138 1477 1199 faciunt
1488 1138 1594 1210 iidem,

331 1245 440 1320 utpote
464 1240 515 1320 qui
538 1260 598 1300 non
622 1260 683 1312 aas,
706 1240 760 1300 sed
783 1249 810 1300 et
834 1239 991 1313 exhibent,
1015 1260 1076 1322 qua
1098 1261 1130 1301 ro
1150 1241 1290 1320 arguitur
1307 1240 1446 1301 additum
1467 1239 1593 1301 aliunde

331 1339 469 1424 nuptias.
514 1339 604 1412 Quod
638 1339 777 1422 proxime
806 1341 965 1402 antecedit
993 1351 1126 1425 nuptum
1149 1341 1213 1413 dat,
1236 1339 1266 1400 in
1291 1341 1317 1402 P
1340 1340 1485 1402 scribitur
1508 1362 1592 1425 nap-

332 1450 396 1502 tam
419 1442 484 1513 dat,
507 1440 537 1501 in
562 1441 631 1502 aliis
653 1450 754 1526 nuptu
777 1441 825 1502 vel
848 1443 972 1526 nuptui,
996 1462 1089 1523 quare
1113 1441 1252 1521 suspicor
1274 1440 1437 1502 lectionem
1455 1441 1591 1522 aliquam

331 1542 361 1602 in
392 1540 529 1622 margine
553 1541 682 1604 allatam
706 1562 832 1603 oausam
856 1563 922 1604 esse
945 1543 1117 1623 scripturae
1141 1543 1358 1622 amplificatae.
1404 1541 1537 1622 Saepius
1560 1541 1590 1602 in

332 1662 390 1724 que
424 1643 499 1704 illud
535 1642 710 1705 enclitieum
745 1625 900 1704 mutatum
935 1651 983 1704 est
1016 1665 1115 1726 qoem,
1147 1651 1182 1704 ut
1209 1643 1260 1715 53,
1282 1641 1302 1704 6
1325 1663 1424 1724 neque
1447 1643 1589 1704 heredem

331 1743 501 1806 RDFPUS
524 1741 579 1827 (ne
602 1763 692 1824 quern
716 1742 886 1827 heredem).
920 1745 955 1804 In
982 1745 1008 1806 P
1031 1743 1093 1805 alia
1116 1764 1226 1805 manus
1249 1744 1280 1804 in
1305 1743 1441 1823 margine
1460 1743 1592 1805 correxit

326 1863 446 1928 perque
468 1865 520 1904 ens
543 1844 670 1928 nuptias
692 1841 790 1928 (quod
814 1845 898 1905 etin
921 1844 950 1905 R
973 1845 1065 1924 legi);
1089 1865 1168 1925 quae
1192 1864 1282 1926 quarn
1307 1864 1422 1924 parvae
1446 1843 1517 1904 fidei
1541 1843 1590 1916 sit,

331 1945 392 2005 iam
423 1964 461 2005 ex
487 1965 521 2006 eo
544 1944 739 2026 intelligitur,
762 1945 843 2025 quod
866 1945 959 2024 paulo
981 1945 1063 2006 infra
1086 1945 1136 2018 50,
1159 1946 1178 2006 5
1203 1945 1268 2025 pari
1292 1947 1381 2006 modo
1406 1945 1513 2006 eadem
1539 1944 1592 2006 ds-

332 2044 435 2107 berent
458 2045 591 2107 correxit
612 2043 681 2130 (ubi
705 2045 812 2108 dedere
835 2046 1046 2126 corrigendum
1071 2045 1164 2128 erat).
1209 2045 1314 2107 Etiam
1338 2043 1511 2134 236111)
1538 2047 1592 2107 de·

331 2146 474 2208 15515555
499 2145 630 2228 duplicis
653 2147 825 2226 scripturae
848 2155 967 2226 partem
992 2147 1089 2208 solam
1113 2147 1317 2208 retinuerunt.

416 2247 467 2322 52,
490 2248 508 2308 3
532 2247 771 2322 id...csnsere,
794 2249 824 2309 h.
848 2269 874 2309 e.
897 2248 927 2308 id
951 2247 1144 2327 postulatum
1167 2267 1286 2328 urgere,
1309 2247 1339 2308 id
1364 2246 1523 2309 consilium
1545 2255 1593 2308 te-

332 2367 414 2422 nere,
438 2356 472 2410 ut
495 2384 544 2410 —.
590 2348 638 2412 Cf.
671 2349 699 2423 6,
722 2347 774 2422 39,
800 2351 836 2410 10
864 2350 895 2410 id
920 2348 1089 2430 postulare,
1112 2356 1157 2421 ut,
1180 2351 1210 2422 2,
1233 2347 1283 2423 55,
1306 2350 1325 2410 3
1347 2348 1376 2408 id
1402 2368 1495 2410 unum
1521 2368 1592 2410 con-

331 2447 434 2510 silium
458 2469 535 2523 esse,
558 2457 603 2510 ut.
648 2449 722 2512 Sine
744 2451 857 2512 idonea
880 2469 973 2511 cansa
995 2449 1031 2510 id
1053 2449 1192 2510 nonnulli
1216 2449 1375 2511 sublatum
1399 2449 1517 2510 volunt.

416 2549 509 2626 53,3
541 2549 713 2623 divendita,
747 2553 827 2631 quod
857 2551 887 2610 in
918 2551 951 2610 M
981 2549 1147 2611 metathesi
1176 2549 1349 2611 litterarum
1374 2549 1522 2630 scripturn
1548 2557 1595 2610 est

332 2647 507 2726 dissidente,
531 2671 569 2712 m.
594 2653 622 2713 2.
647 2651 781 2713 mutavit
803 2652 834 2712 in
858 2651 1043 2724 diuidendo,
1067 2671 1145 2731 quae
1169 2651 1318 2712 facillima
1340 2651 1473 2712 mutatio
1497 2651 1592 2712 etiam

331 2751 362 2811 in
391 2751 537 2814 RDFPU
565 2752 651 2813 lacta
681 2760 737 2814 est.
781 2753 850 2813 Non
881 2761 984 2814 autem
1015 2753 1052 2812 de
1075 2750 1255 2831 partitione,
1279 2754 1332 2813 sod
1356 2753 1394 2813 de
1418 2751 1595 2812 venditione

332 2852 467 2933 praedae
499 2853 645 2915 hocloco
669 2853 718 2934 agi
742 2861 875 2932 apparet
898 2873 934 2914 ex
959 2853 1065 2914 addito
1089 2873 1214 2914 numero
1238 2852 1399 2934 pecuniae,
1422 2873 1501 2933 quae
1523 2852 1595 2912 inde

332 2953 460 3015 redacta
483 2961 540 3014 est.
585 2954 708 3016 Praeda
737 2953 864 3015 vendita
887 2955 1077 3016 relectum
1102 2953 1167 3038 (vel
1190 2954 1221 3014 in
1245 2954 1400 3034 publicum
1423 2955 1596 3024 redactum,

331 3053 383 3128 38,
406 3055 457 3127 23,
481 3052 536 3137 10)
566 3055 679 3117 dicitur
712 3054 859 3136 quidquid
894 3073 1087 3116 nummorum
1119 3055 1190 3116 inde
1214 3057 1386 3117 confectum
1411 3063 1468 3128 est,
1491 3054 1542 3124 35,
1568 3053 1595 3125 1,
1695 3101 1697 3108 .

334 3157 381 3216 12.
427 3155 578 3217 Divisioni
613 3156 747 3236 praedae
781 3156 948 3217 reficere
982 3175 1040 3216 non
1070 3157 1246 3234 respondet.
1291 3155 1336 3230 Si,
1360 3157 1440 3237 quod
1464 3155 1596 3217 coniecit

333 3255 518 3330 Gronovius,
552 3256 748 3318 discredendo
781 3277 855 3318 vera
888 3256 1042 3336 scriptura
1074 3266 1167 3329 esset,
1201 3277 1260 3318 non
1295 3258 1469 3320 exstitisset
1497 3257 1528 3318 in
1561 3257 1594 3318 M

333 3357 508 3419 diuiderem.
552 3358 600 3420 De
630 3358 792 3419 divendita
819 3359 935 3439 praeda
964 3357 1071 3418 Livius
1095 3357 1219 3437 saepius
1242 3357 1394 3438 loquitur:
1421 3361 1469 3431 10,
1494 3353 1542 3431 17,
1564 3351 1593 3418 7.

332 3458 383 3530 21,
406 3459 457 3532 21,
480 3461 509 3520 2.
538 3453 588 3531 37,
611 3459 640 3534 5,
663 3461 692 3520 3.
721 3460 751 3532 3,
776 3460 824 3532 13,
850 3460 888 3520 10
918 3458 1084 3520 divenditis
1113 3458 1254 3520 omnibus
1285 3461 1382 3521 bonis.
1413 3459 1486 3521 Tae.
1511 3458 1593 3521 Anu.

332 3559 362 3632 c,
387 3553 521 3642 17(23)
549 3568 598 3622 tot
626 3561 783 3622 damnatis
814 3561 961 3641 bonisque
985 3578 1088 3620 eorum
1112 3560 1279 3621 divenditis
1302 3561 1457 3641 signatum
1484 3581 1595 3640 argen-

332 3668 398 3721 tum
423 3661 496 3722 fisco
520 3661 724 3723 attinebatur.

417 3761 662 3842 Antiquissimas
686 3763 755 3823 edd.
780 3762 977 3823 dicendenda
993 3762 1120 3845 praeda
1142 3763 1279 3824 tenuisse
1303 3762 1484 3848 (dividendo
1504 3781 1594 3841 prae-

333 3861 403 3922 dam
434 3860 534 3940 Ala),
568 3867 627 3924 non
658 3871 706 3924 est
736 3863 815 3944 qnod
845 3862 980 3938 nrireris3
1003 3863 1057 3924 sed
1078 3882 1145 3923 oum
1171 3866 1217 3924 ed.
1242 3863 1335 3944 Mog,
1357 3865 1388 3924 id
1413 3864 1493 3944 quod
1517 3862 1595 3924 Oar-

333 3960 435 4023 bachii
457 3962 580 4042 ingenio
604 3983 658 4024 nos
682 3965 807 4025 deberet
818 3964 1009 4036 crediderim,
1033 3963 1196 4025 divendita
1215 3967 1362 4037 dedisset,
1380 3965 1472 4045 idque
1491 3983 1595 4026 omnes

334 4061 479 4143 deinceps
503 4063 637 4125 editores
659 4065 795 4145 recipere
820 4085 878 4126 non
903 4065 1145 4138 dubitavissent,
1168 4074 1293 4145 praeter
1316 4066 1488 4146 opinionem
1514 4064 1595 4126 acci-

333 4161 390 4236 dit,
413 4172 448 4225 51
469 4165 705 4239 Drakenborch,
729 4165 864 4239 Ernesti,
888 4165 1010 4239 Stroth,
1033 4167 1165 4245 Ruperti
1189 4169 1228 4228 ad
1252 4167 1414 4247 pristinam
1433 4165 1594 4229 lectionem

332 4264 574 4326 revolverentur.
619 4267 715 4328 Pauci
746 4274 851 4329 tamen
881 4267 1097 4329 aCarbachio
1126 4269 1275 4330 traditum
1300 4269 1330 4330 in
1355 4288 1443 4330 suurn
1468 4287 1596 4330 conver-

333 4374 399 4427 tere
432 4366 652 4446 neglexerunt;
686 4388 724 4428 ne
758 4367 907 4430 Gronovii
941 4367 1063 4449 quidem
1098 4368 1257 4450 dedignati
1286 4379 1369 4442 sunt,
1398 4389 1465 4432 eum
1490 4377 1595 4430 tamen

333 4464 532 4529 discedendo
554 4467 659 4546 potius
683 4467 845 4550 legendum
870 4489 936 4530 esse
960 4477 1119 4548 putarent,
1135 4489 1226 4550 quarn
1244 4471 1370 4532 tandem
1389 4471 1595 4532 coniecturam

335 4567 495 4650 Kreysslg,
518 4568 652 4642 Bekker,
675 4569 772 4631 Hertz
796 4578 827 4630 et
849 4569 977 4650 Madvig
999 4579 1190 4651 receperunt.

418 4667 512 4742 53,8
550 4667 735 4754 Volscosque
768 4671 850 4744 inde,
885 4671 937 4733 ubi
972 4672 1039 4732 cdd.
1079 4671 1263 4756 Volscosque
1291 4693 1322 4734 se
1344 4671 1434 4743 inda·
1463 4670 1544 4752 quod
1567 4691 1598 4732 se

334 4788 599 4847 supervacaneum
625 4770 791 4832 videbatur
814 4771 981 4846 Gronovio,
1005 4792 1064 4853 quo
1088 4782 1213 4836 auctore
1232 4773 1349 4835 delevit
1363 4773 1497 4845 Bekker,
1513 4770 1599 4833 uncis

339 4869 503 4932 includunt
525 4869 616 4933 hodie
639 4871 787 4956 plerique.
824 4872 1008 4937 Pronomine
1032 4881 1137 4938 tamen
1161 4875 1213 4937 illo
1236 4874 1349 4938 iterato
1373 4873 1472 4958 magis
1494 4871 1600 4937 seiun-
