3574 5632
365 621 404 676 44
561 621 760 692 Epilegomcna
782 622 818 676 ad
840 621 871 678 Τ.
896 619 967 678 Livii
989 621 1090 676 librum
1115 621 1276 676 vicesimum
1299 619 1430 689 primum.

363 804 557 856 armaturam
590 792 655 874 sig.
688 791 784 877 (avet.
818 793 906 878 lib»)
938 795 1028 858 st.
1063 796 1111 857 cd.
1136 795 1162 856 l.
1185 793 1322 856 Weidm.
1346 794 1428 855 Hrw.
1451 789 1544 878 (uque
1569 813 1620 855 cr-

362 895 483 958 weitert
515 896 573 956 den
607 894 731 974 Regno,
753 915 787 956 so
810 897 883 957 dass
906 917 938 958 es
962 897 1019 958 mit
1040 897 1120 958 «und
1144 895 1337 974 bberhaupt»
1359 895 1519 956 ubersetzt
1539 913 1620 956 wer-

363 997 422 1058 den
456 997 581 1076 kanna).
636 995 794 1058 «Baliares
822 996 898 1058 lovis
921 997 1042 1078 quidem
1067 1004 1243 1058 armaturae
1267 1003 1366 1068 erant,
1385 996 1444 1056 'sed
1467 1002 1537 1057 octo
1560 995 1621 1056 mi-

363 1097 405 1158 lia
438 1117 497 1158 non
532 1095 761 1170 conficiebant»,
795 1097 915 1160 Stroth.
950 1099 998 1161 cf.
1021 1100 1071 1172 22,
1092 1098 1123 1170 4,
1146 1099 1165 1158 3
1188 1096 1329 1158 Baliares
1353 1103 1550 1178 ceteramque
1574 1097 1620 1158 le-

365 1217 433 1260 vcru
468 1204 669 1260 armaturam.
726 1198 832 1260 Etiam
866 1199 1015 1280 Polybius
1038 1201 1068 1275 3,
1090 1194 1141 1272 72,
1164 1192 1355 1276 ’ἲἎννίβας
1377 1196 1621 1278 προβαλόμενος

364 1297 534 1381 ἐφεδρείαν
566 1294 637 1370 τούς
670 1297 886 1381 λογχοφόρους
918 1306 984 1362 καὶ
1012 1299 1193 1380 Βαλοοροΐς,
1218 1297 1313 1373 ὄντας
1335 1300 1378 1372 εἰς
1401 1295 1616 1380 ὀκτακισχιλί-

365 1423 428 1474 οος,
464 1400 554 1484 ἐξῆγε
576 1397 631 1483 τὴν
657 1399 806 1482 δύναμιν.
850 1401 912 1464 Ubi
935 1401 1067 1482 deperiit
1089 1423 1126 1463 aa
1147 1401 1197 1463 vel
1219 1411 1255 1476 et,
1278 1403 1404 1482 saepius
1430 1402 1538 1465 addito
1561 1423 1619 1487 quc

363 1511 590 1583 compausatur,
623 1502 684 1564 vid.
720 1504 759 1565 ad
793 1525 818 1566 c.
841 1501 892 1576 39,
914 1505 943 1564 2.
968 1503 1062 1565 Ocius
1084 1503 1127 1564 rei
1151 1522 1220 1564 accc
1243 1503 1338 1576 aliud,
1363 1505 1442 1584 quod
1466 1504 1617 1585 sequitur,

364 1605 548 1684 exemplum.

445 1705 495 1779 56,
531 1705 545 1765 l
586 1704 848 1788 Trepidanteaqno
889 1727 926 1766 ac
956 1725 1067 1788 prope,
1100 1705 1221 1765 incerta
1254 1704 1355 1765 altera
1392 1704 1616 1768 coniunctione.

365 1806 614 1890 trepidantiaque
635 1805 670 1866 in
685 1827 789 1890 propo
810 1806 846 1866 P.
870 1806 1117 1890 trepidantiaque
1133 1825 1236 1888 prope
1264 1805 1324 1867 OM
1348 1806 1375 1866 l.
1399 1807 1428 1866 3.
1451 1805 1527 1868 Asc.
1543 1806 1616 1868 Ald.

363 1908 435 1968 min.
469 1908 531 1968 Iac.
568 1907 663 1969 Gron.
698 1907 796 1968 Drak.
820 1907 902 1968 Hrw.
927 1907 1119 1990 trepidantes
1136 1921 1298 1989 propeque
1320 1905 1394 1967 Asc.
1420 1906 1510 1968 1513.
1535 1909 1618 1988 Mog.

276 2000 280 2012 ’
362 2008 435 2069 Ald.
470 2008 542 2068 min.
577 2008 607 2068 in
631 2008 751 2070 arratis.
774 2007 847 2068 Ald.
872 2008 943 2070 mai.
965 2009 1057 2068 Frob.
1082 2007 1172 2070 Grut.
1197 2007 1285 2068 Grev.
1309 2006 1383 2068 Blrr.
1407 2008 1616 2090 trepidantis-

363 2129 421 2193 que
453 2117 481 2169 et
509 2129 611 2192 propa
644 2109 713 2172 Als.
750 2109 839 2170 st.
864 2109 946 2189 Mag.
969 2109 1043 2170 Wfl.
1087 2107 1197 2169 Potuit
1218 2108 1252 2168 in
1275 2127 1329 2187 pro
1352 2129 1389 2168 ac
1410 2108 1441 2169 in
1464 2109 1491 2170 P
1514 2110 1618 2171 scribi.

363 2212 521 2290 Integrum
556 2209 621 2270 sive
655 2231 691 2271 ac
721 2231 823 2292 prope
846 2209 911 2270 sivo
932 2219 960 2270 et
977 2230 1080 2292 propo
1103 2209 1172 2282 fuit,
1195 2228 1233 2270 ex
1257 2209 1478 2270 consuetudine
1495 2232 1619 2294 prope-

363 2331 420 2396 que
449 2310 580 2372 exstitit.
626 2309 687 2381 Qui
711 2311 910 2372 fodiebantur
939 2310 1097 2390 elephanti
1120 2309 1233 2389 trepidi
1257 2309 1332 2370 iacti
1355 2317 1438 2383 sunt,
1462 2329 1499 2372 ac
1522 2331 1619 2392 prope

361 2413 431 2486 fuit,
454 2411 542 2473 utin
565 2411 685 2473 Poenos
707 2412 791 2491 ipsos
814 2418 947 2472 ruerent.
993 2412 1041 2476 cf.
1065 2413 1094 2484 2,
1117 2412 1168 2483 30,
1190 2412 1210 2470 2
1232 2430 1269 2471 ac
1291 2429 1385 2490 prope
1405 2411 1476 2485 luit,
1500 2419 1536 2473 ut
1559 2420 1618 2474 cet.

365 2549 406 2560 -·
437 2515 483 2574 Ib.
518 2511 694 2578 Hannibal.
727 2512 781 2574 Ibi
813 2511 964 2596 caternplo
997 2512 1087 2573 st.
1111 2513 1194 2591 Mvg.
1217 2511 1292 2572 Wfl.
1315 2509 1480 2574 hannibali
1501 2523 1619 2574 catem-

357 2613 415 2698 plo
448 2615 484 2675 P.
518 2611 702 2674 Hannibal:
735 2613 760 2676 a·
792 2612 944 2700 extemplo
979 2612 1037 2696 (G)
1067 2612 1134 2673 Als.
1159 2610 1336 2673 Hannibal.
1360 2611 1529 2697 Eatemplo
1552 2615 1618 2698 (M)

365 2716 391 2776 l.
425 2717 454 2776 3.
477 2716 558 2794 Meg.
583 2713 656 2779 Ald.
679 2714 770 2776 Grut.
794 2713 889 2776 Gran.
913 2714 1009 2776 Drak.
1033 2714 1196 2793 Dilapsum
1220 2714 1315 2775 semel
1338 2714 1465 2775 verbum
1487 2713 1617 2777 interiit.

446 2817 492 2876 lb.
526 2835 682 2898 nouusque
719 2825 819 2877 terror
851 2816 980 2876 additus
1007 2814 1081 2876 Wil.
1105 2835 1224 2898 quoqne
1246 2835 1343 2876 nonno
1365 2823 1465 2876 terror
1486 2815 1617 2877 additus

363 2917 451 2978 PCM
485 2915 553 2978 Als.
588 2916 717 2978 additas
749 2937 869 3000 quoqne
902 2937 997 2978 novas
1023 2925 1123 2976 terror
1144 2915 1238 2976 Laur.
1262 2915 1358 2976 Valla
1379 2915 1468 2996 (nego
1491 2923 1613 2978 tantum

365 3018 463 3079 locum
488 3015 607 3098 muto»)
632 3018 659 3079 l.
683 3019 711 3078 3.
735 3018 818 3098 Mog.
841 3017 914 3078 Ald.
938 3018 1029 3080 Grut.
1053 3016 1151 3076 Drak.
1174 3036 1268 3099 eoque
1290 3037 1386 3078 novas
1409 3025 1509 3078 terror
1521 3017 1617 3078 addi-

365 3127 414 3179 tas
446 3118 536 3180 st.
570 3119 628 3178 ΗΖ.
651 3119 725 3199 Mvg
749 3120 796 3180 cd.
820 3121 848 3180 3.
872 3119 1061 3201 additusque
1082 3137 1179 3178 nonna
1201 3127 1301 3178 terror
1323 3117 1419 3180 Gron.
1442 3117 1616 3202 (umalimo)

340 3219 436 3292 ,Bkn
460 3239 616 3302 nocuoque
638 3219 768 3280 additas
790 3229 891 3282 terror
912 3221 987 3300 Mvg
1010 3220 1057 3280 ed.
1083 3218 1110 3278 l.

445 3320 515 3382 Etsi
549 3320 740 3400 aliquamdiu
768 3322 917 3382 adversos
940 3320 1122 3400 elephantos
1144 3319 1274 3381 immota
1297 3328 1454 3382 manserat
1476 3320 1615 3400 pediturn

360 3421 568 3484 Romanorum
602 3421 694 3494 acies,
728 3430 832 3484 tamen
865 3423 926 3482 iarn
961 3421 1004 3482 ibi
1036 3429 1182 3482 terrorem
1217 3422 1331 3495 fecerc;
1354 3429 1519 3502 postquam
1544 3440 1615 3482 varo

361 3523 512 3584 adversus
546 3522 656 3584 Gallos
689 3523 856 3584 auxiliares
890 3522 939 3602 agi
963 3522 1080 3584 bestias
1102 3521 1194 3582 iussit
1216 3521 1385 3596 Hannibal,
1408 3522 1471 3584 illic
1493 3530 1616 3584 extam-

360 3624 411 3702 plo
444 3623 527 3684 baud
562 3623 687 3684 dubiam
722 3625 823 3686 lacere
850 3625 972 3704 fugcm3
996 3643 1067 3705 quo
1091 3642 1187 3684 novus
1209 3630 1309 3684 terror
1331 3623 1456 3685 additus
1480 3631 1528 3684 est
1551 3623 1616 3685 Ro-

362 3723 472 3798 manis,
506 3723 557 3805 qui
593 3725 663 3786 fusa
696 3743 766 3786 mox
800 3725 917 3786 auxilia
951 3744 1008 3786 sua
1030 3723 1185 3785 viderunt.
1229 3723 1300 3794 Qua
1322 3732 1396 3785 suut
1417 3722 1616 3804 proclivitate

363 3825 481 3886 librarii
519 3826 558 3886 ad
587 3845 646 3906 que
669 3825 844 3887 encliticam
866 3826 1074 3898 inserendum,
1097 3825 1171 3885 item
1195 3824 1255 3898 bic,
1278 3827 1358 3905 quod
1383 3845 1452 3886 mea
1473 3824 1617 3905 opinione

363 3925 432 3999 fuit,
466 3945 524 4009 qno
557 3926 587 3987 in
622 3947 742 4010 qnoque
769 3935 894 3989 auctum
918 3934 981 4001 cst3
1005 3925 1203 4007 quamobrem
1226 3925 1257 3986 iu
1281 3926 1380 4005 priore
1404 3927 1451 3987 ed.
1474 3945 1536 4010 qno
1558 3947 1616 3988 no-

362 4047 418 4088 nna
454 4036 555 4088 terror
587 4035 644 4092 cot.
673 4027 805 4090 scribere
835 4047 929 4090 ausus
952 4047 1045 4089 aram.
1089 4026 1152 4088 Ubi
1172 4035 1222 4088 cst
1244 4025 1273 4099 6,
1297 4029 1325 4099 2,
1348 4029 1368 4088 3
1391 4027 1515 4088 «Novus
1539 4047 1616 4109 quo-

361 4147 420 4210 que
452 4136 551 4189 terror
584 4135 786 4202 accesserat»,
818 4129 850 4190 id
882 4129 930 4190 ita
963 4127 1085 4201 dicitur,
1109 4135 1143 4188 ut
1165 4127 1318 4188 afferatur
1341 4127 1468 4208 aliquid,
1491 4129 1616 4208 quoda

360 4229 513 4308 prioribus
547 4228 719 4290 seiunctum
753 4229 795 4290 sit
828 4250 884 4291 nec
917 4239 990 4292 ants
1023 4228 1164 4290 allatum.
1214 4229 1336 4309 ltaque,
1359 4229 1438 4310 quod
1462 4229 1614 4308 praebent

361 4330 458 4390 nostri
492 4330 572 4403 cdd„
595 4315 725 4412 ⁸quoqne
758 4330 907 4392 absonum
942 4337 1000 4404 est,
1028 4351 1064 4391 ac
1086 4330 1130 4391 sic
1153 4329 1375 4410 corrigendum,
1398 4337 1433 4391 ut
1456 4335 1489 4390 et
1510 4329 1614 4391 sensui

362 4430 547 4492 conveniens
570 4438 619 4492 est
642 4439 672 4491 et
695 4431 805 4493 solitae
829 4431 992 4492 vitiositati
1017 4431 1172 4493 librorum.
1218 4428 1308 4500 Quod
1331 4431 1439 4492 volunt
1461 4449 1505 4504 eo,
1528 4430 1560 4490 id
1581 4430 1612 4490 in

362 4551 423 4615 qno
456 4551 517 4592 non
551 4532 748 4608 mutabatur3
782 4553 847 4606 uec,
871 4533 897 4594 si
919 4553 1075 4616 nocuoque
1098 4531 1218 4605 fuisset,
1240 4531 1299 4594 hoc
1320 4531 1351 4594 iu
1375 4551 1495 4616 quoqne
1516 4551 1613 4593 nocua

362 4639 517 4694 mutatum
541 4640 633 4694 esset.

444 4732 495 4814 56,
528 4736 548 4794 2
581 4731 648 4795 alic
680 4733 753 4796 Ald.
790 4734 861 4795 min.
896 4734 927 4796 in
952 4733 1073 4806 erratis,
1096 4733 1171 4796 Ald.
1194 4731 1264 4793 mai.
1288 4733 1379 4794 Frob.
1403 4733 1499 4796 Grou.
1523 4732 1613 4795 Orev.

361 4831 435 4894 Bkr.
459 4835 536 4895 Fab.
560 4831 620 4896 alii
642 4835 695 4897 ΡΟ
721 4835 747 4896 l.
770 4837 799 4896 3.
823 4834 897 4898 Aac.
920 4835 993 4897 Ald.
1019 4834 1091 4896 min.
1114 4833 1211 4897 Drak.
1235 4832 1298 4897 alio
1320 4835 1402 4916 Mog.
1426 4831 1614 4898 aliaaGrut.
