3574 5632
389 583 406 637 8
582 589 781 661 Epilegomeua
802 588 839 644 ad
861 589 892 644 T.
918 589 988 644 Livii
1010 589 1113 644 librum
1137 589 1298 646 vicesimum
1320 590 1451 660 primum.

388 757 597 838 deprehendi:
631 781 703 825 num
739 781 811 824 vero
834 759 978 824 continuo
1001 762 1151 844 sequitur,
1175 762 1278 825 61516
1302 780 1457 842 apparens
1475 761 1648 842 simplicius

389 859 465 923 illud
500 864 728 926 extrudendum
751 861 812 924 sit?
855 862 908 924 An
930 882 985 943 per
1007 864 1156 926 sermonis
1179 865 1329 926 rationem
1354 863 1427 926 ferri
1450 864 1551 928 minus
1575 870 1648 943 pot-

389 957 457 1024 est?
501 961 753 1028 Transcendeudi
783 963 844 1025 vim
879 964 962 1043 apud
990 964 1111 1026 Livium
1136 965 1230 1027 semel
1253 965 1350 1026 56561
1371 983 1573 1047 exsuperare:
1597 964 1649 1037 44,

391 1060 439 1135 18,
474 1061 495 1122 3
530 1065 691 1146 angustias
725 1063 888 1148 (saltuum,
922 1073 957 1126 ut
992 1065 1023 1127 in
1054 1085 1154 1147 aequa
1176 1066 1244 1128 loca
1265 1065 1481 1151 perveniatur)
1489 1085 1498 1140 ;
1521 1065 1648 1145 saepius

390 1181 555 1244 superare:
590 1167 687 1248 Alpes
709 1166 739 1239 5,
761 1166 812 1239 34,
838 1166 886 1239 12,
910 1165 1096 1228 munitiones
1117 1167 1147 1241 5,
1169 1166 1200 1241 8,
1224 1167 1273 1241 10,
1296 1166 1455 1230 brachium
1479 1166 1647 1250 (munitio-

391 1261 479 1346 num)
513 1265 566 1341 38,
602 1268 632 1342 5,
665 1265 696 1340 8,
717 1265 830 1328 vallem
857 1267 884 1342 l,
909 1267 957 1340 12,
979 1267 1008 1328 4.
1052 1267 1112 1330 Est
1135 1268 1228 1331 etiam
1252 1267 1303 1342 25,
1325 1269 1376 1342 23,
1401 1269 1439 1330 12
1461 1267 1648 1348 superabilis

391 1373 512 1456 (murus
548 1367 751 1432 mediocribus
773 1366 893 1450 scalis),
916 1387 1066 1448 nusquam
1092 1368 1326 1449 exsuperabilis.
1372 1368 1647 1449 Iusxsupsrabiles

392 1471 536 1538 dicuntur
568 1490 588 1531 a
621 1469 709 1530 Livio
742 1468 883 1548 inprimis
916 1467 1026 1549 Alpes,
1049 1477 1180 1544 montes,
1203 1470 1303 1531 saltus
1326 1468 1372 1552 (5,
1395 1470 1446 1545 34,
1468 1469 1497 1532 6.
1521 1467 1573 1542 39,
1595 1469 1646 1543 54,

395 1573 443 1640 12.
476 1569 527 1644 43,
563 1569 610 1644 18,
636 1571 662 1630 1.
685 1568 736 1642 36,
762 1565 810 1644 17,
833 1570 868 1651 3)
876 1589 885 1644 ;
908 1569 982 1631 1166
1007 1571 1085 1650 ripa,
1109 1571 1344 1644 munimentum,
1368 1570 1431 1633 alia
1454 1571 1520 1651 (44,
1543 1569 1595 1643 35,
1618 1569 1645 1632 9.

392 1677 445 1748 42,
476 1671 527 1745 54,
563 1671 589 1733 1.
623 1669 673 1744 38,
696 1671 746 1743 20,
768 1669 797 1735 8.
821 1665 871 1740 37,
894 1670 944 1744 53,
970 1671 1017 1731 ll.
1041 1673 1091 1745 21,
1114 1672 1165 1745 30,
1188 1670 1217 1734 9.
1240 1671 1292 1745 44,
1313 1669 1364 1745 46,
1387 1671 1417 1734 5.
1438 1671 1469 1748 8,
1494 1668 1574 1745 r‚8.
1597 1672 1646 1744 21,

392 1777 446 1850 30,
467 1767 512 1856 7).
567 1771 628 1835 Ubi
652 1790 722 1832 vero
745 1772 796 1844 21,
819 1772 869 1845 23,
892 1771 912 1832 4
935 1779 967 1832 61
989 1769 1039 1845 36,
1061 1772 1082 1833 4
1115 1771 1196 1834 viam
1220 1771 1268 1833 vel
1292 1772 1458 1836 transitum
1481 1773 1645 1852 insupera-

393 1877 486 1948 bilem
521 1881 621 1948 vocat,
659 1891 717 1933 non
751 1880 817 1934 tam
841 1872 879 1933 de
901 1871 971 1951 ipsa
993 1871 1159 1936 altitudine
1183 1872 1337 1954 cogitatur
1360 1893 1451 1954 quam
1475 1874 1513 1935 de
1537 1873 1647 1934 ceteris

394 1973 608 2070 progrediendi
642 1971 888 2034 difficultatibus.
944 1973 1002 2034 Ait
1034 1973 1192 2036 Woelfflin
1217 1976 1347 2036 sormam
1370 1973 1456 2036 illam
1479 1975 1647 2059 insupera-

394 2079 469 2151 11116
490 2095 528 2140 ex
551 2073 635 2156 poesi
664 2073 795 2153 primum
818 2073 849 2134 16
873 2081 1039 2153 argenteae
1062 2075 1176 2136 aetatis
1199 2094 1322 2155 prosam
1346 2075 1517 2138 orationem
1541 2096 1649 2156 recep-

395 2199 461 2253 um
495 2197 570 2242 esse.
626 2173 709 2244 Quid
732 2169 1015 2258 incomparabilis?
1058 2177 1095 2237 16
1118 2197 1156 2238 66
1179 2196 1198 2236 6
1221 2175 1320 2255 poetis
1345 2175 1467 2258 quidem
1491 2195 1650 2239 cominen-

395 2287 498 2354 detur,
531 2297 586 2339 nso
618 2275 741 2338 omnino
765 2284 838 2338 6616
860 2275 983 2338 Livium
1007 2285 1039 2338 et
1061 2277 1215 2340 Velleium
1240 2277 1323 2357 apud
1346 2277 1441 2340 ullurn
1465 2278 1648 2358 scriptorem

396 2385 561 2464 comparet.
616 2375 766 2456 'Virgilius
799 2379 838 2440 de
872 2377 1016 2440 Gaetulis
1049 2378 1144 2461 (Aen.
1178 2378 1208 2451 4,
1240 2375 1298 2461 40)
1321 2397 1417 2458 genus
1439 2379 1650 2458 insuperabile

397 2485 487 2555 bello.

479 2582 529 2656 23,
551 2578 571 2641 6
600 2599 676 2662 quos
698 2589 726 2642 61
747 2579 833 2663 apros
852 2580 984 2662 6666661
1006 2577 1123 2642 militia
1145 2589 1281 2642 senserat
1304 2579 1482 2642 coniectura
1504 2588 1554 2642 est
1575 2581 1649 2644 Mu·

397 2685 455 2758 reti
489 2682 527 2744 ab
562 2680 630 2742 666.
654 2680 875 2744 recentissimis
898 2688 1039 2761 recepta;
1063 2681 1130 2742 666.
1154 2701 1213 2743 666
1237 2682 1334 2767 ipsos,
1356 2683 1410 2743 sed
1433 2681 1500 2764 ipse
1522 2681 1651 2755 babent,

397 2783 476 2876 6666
510 2781 549 2844 65
582 2782 650 2844 edd.
675 2790 706 2844 et
728 2781 885 2844 veteribus
908 2789 940 2844 et
961 2781 1184 2844 recentioribus
1206 2783 1361 2864 plerisque
1384 2790 1536 2844 servatur.
1581 2785 1652 2845 Non

399 2885 487 2958 tiociis
515 2903 591 2968 quos
613 2892 641 2944 et
663 2883 749 2967 ipsos
771 2883 802 2944 iu
825 2903 902 2966 6666
924 2892 951 2946 61
973 2883 1040 2968 ipse
1062 2903 1082 2945 a
1104 2883 1238 2946 librariis
1262 2891 1416 2945 mutatum
1441 2903 1507 2946 esse
1530 2886 1654 2946 monuit

398 2994 459 3059 iam
481 2983 575 3048 Fabri
599 2982 655 3067 (61.
679 2983 756 3046 Sall.
778 2985 845 3064 Ing.
868 2984 919 3057 41,
942 2983 961 3046 9
984 2994 1075 3046 semet
1097 2985 1201 3071 ipram
1217 2985 1445 3068 praecipitavit
1467 2985 1535 3047 cdd.
1555 2985 1653 3064 pleri-

400 3109 457 3178 que
491 3094 523 3150 et
555 3085 664 3165 optimi
697 3085 944 3164 improbantibus
978 3085 1179 3170 editoribus):
1207 3086 1314 3167 itaque
1337 3087 1505 3166 praecipua
1527 3088 1654 3148 cautela

400 3198 429 3260 tn
463 3189 526 3251 ista
559 3206 649 3248 casus
683 3187 855 3248 mutatione
889 3206 966 3266 opus
1000 3195 1058 3258 est,
1080 3186 1221 3267 inprimis
1244 3187 1271 3250 si
1294 3187 1534 3260 consideramus,
1558 3207 1651 3268 quam

400 3292 524 3380 paulum
559 3288 687 3350 differat
720 3287 779 3349 hoc
813 3287 987 3368 exemplum
1011 3289 1050 3350 ab
1071 3287 1120 3362 iis,
1144 3289 1196 3349 ubi
1221 3308 1288 3350 eum
1311 3287 1543 3368 pronominibus
1566 3289 1653 3363 mibi,

400 3413 458 3468 me,
480 3389 549 3464 sibi,
572 3409 605 3452 66
629 3395 686 3450 661.
710 3389 756 3450 116
777 3389 914 3469 iungitur
936 3389 1012 3469 ipse,
1036 3397 1071 3451 61
1093 3389 1280 3452 attractione
1304 3390 1438 3471 quadam
1461 3389 1652 3465 adverbum,

400 3493 480 3582 quod
513 3489 662 3571 sequitur,
694 3490 725 3552 in
760 3510 834 3552 casu
866 3498 950 3552 recto
984 3491 1152 3570 separatim
1186 3498 1329 3570 ponatur,
1353 3489 1426 3552 lioet
1448 3490 1651 3571 oppositionis

401 3593 478 3664 ratio
502 3591 639 3672 requirat
661 3591 829 3672 obliquum,
852 3611 919 3654 oum
943 3591 1023 3654 idem
1047 3611 1156 3654 revera
1178 3593 1220 3654 sit
1238 3592 1410 3654 subiectum
1436 3599 1468 3653 et
1488 3592 1652 3671 praedica-

401 3709 475 3764 tum.
521 3692 616 3755 06166
638 3692 680 3754 rei
705 3693 908 3756 Ciceroniana
930 3693 1064 3756 maxime
1087 3693 1202 3755 adferri
1224 3693 1326 3756 solent
1349 3694 1502 3774 exempla,
1525 3693 1651 3756 eadem-

400 3815 458 3884 que
481 3794 563 3873 apud
586 3792 708 3854 Livium
733 3793 984 3875 frequentissima
1006 3801 1089 3869 sunt,
1111 3794 1142 3856 in
1166 3795 1276 3875 quibus
1292 3794 1649 3875 baecepropinquope-

401 3899 475 3964 tita:
510 3895 561 3968 21,
596 3894 644 3969 14,
669 3895 683 3955 1
709 3903 870 3975 argentum
895 3915 1064 3976 aurumque
1087 3895 1229 3958 666616
1253 3896 1352 3975 ignem
1378 3895 1575 3957 ooniioientes
1598 3915 1651 3958 eo-

400 4001 468 4064 dem
503 3995 641 4076 plerique
663 3996 843 4075 semetipsi
867 3995 1162 4080 praecipitaverunt,
1185 3999 1235 4070 22,
1258 3994 1309 4070 60,
1332 3998 1373 4058 23
1395 3997 1461 4058 6166
1485 4005 1650 4078 noctesque

401 4098 519 4180 aliquot
552 4096 670 4158 obsessi
702 4096 819 4158 vallum
854 4097 957 4172 armis,
987 4117 1021 4158 se
1050 4097 1109 4178 ipsi
1132 4097 1230 4159 tutati
1252 4089 1334 4159 vallo
1357 4105 1441 4172 6661,
1464 4099 1515 4170 22,
1537 4099 1589 4171 22,
1614 4098 1651 4160 14

400 4197 606 4266 Ministerinm
639 4197 899 4260 restituendorum
934 4200 1040 4260 domos
1073 4198 1213 4262 obsidum
1248 4198 1388 4260 mihimet
1422 4199 1553 4278 deposco
1576 4199 1651 4280 ipse,

401 4303 450 4375 22,
486 4297 534 4372 19,
571 4299 604 4360 11
642 4298 739 4362 Poeni
761 4307 883 4362 suomet
904 4300 964 4379 ipsi
987 4299 1124 4362 tumultu
1146 4299 1266 4361 turbati
1288 4299 1319 4360 in
1343 4300 1448 4380 lugam
1472 4308 1652 4364 averterunt

401 4401 541 4473 classem,
564 4401 615 4474 21,
638 4401 688 4474 33,
711 4402 731 4462 3
753 4420 868 4482 666666
891 4401 992 4480 ipsum
1016 4401 1153 4463 tumultu
1175 4400 1296 4464 misceri
1319 4420 1428 4481 agmen
1451 4401 1556 4462 videre
1582 4404 1651 4484 (666

400 4503 501 4586 ipsum
535 4501 670 4564 tumultu
703 4501 918 4583 miscebatur),
947 4504 998 4574 22,
1023 4502 1071 4575 14,
1097 4503 1135 4563 13
1157 4501 1287 4564 classem
1318 4521 1442 4582 gravem
1473 4503 1652 4566 commeati-

401 4606 468 4676 bus,
490 4600 671 4682 impeditam
695 4609 816 4666 suomet
837 4603 938 4682 ipsam
960 4603 1166 4666 instrumento
1193 4610 1287 4684 atque
1310 4610 1475 4682 apparatu,
1497 4604 1652 4684 oppressit

401 4704 496 4790 (quae
519 4711 640 4766 suomet
662 4704 731 4783 ipsa
753 4703 958 4766 instrumento
981 4703 1132 4784 impedita
1154 4702 1248 4786 erat).
1293 4704 1341 4766 Gi.
1364 4703 1446 4766 Flor.
1469 4705 1499 4778 2,
1523 4703 1561 4766 19
1574 4705 1652 4787 (Ρ6-

402 4803 492 4890 pulns
524 4804 699 4888 Romanus)
737 4804 868 4886 denique
901 4805 931 4868 in
955 4825 988 4868 se
1010 4804 1077 4884 ipse
1100 4825 1265 4868 conversus
1287 4803 1439 4868 Marianis
1462 4813 1557 4886 atque
1579 4805 1652 4869 Sul-
