3584 5632
505 643 705 714 Epilegomena
726 642 761 696 ad
785 639 817 698 Τ.
841 641 912 696 Livii
936 641 1038 696 librum
1061 643 1193 711 primum.
1443 641 1480 696 18

214 811 289 874 Etsi
326 812 494 875 absurdum
530 818 578 874 εει
611 811 747 874 confusis
781 811 905 875 casibus
939 811 1079 887 diversis,
1113 813 1194 894 quod
1225 811 1429 877 communiter
1451 812 1482 874 hi

215 913 372 994 praebent
399 913 505 975 Praei.
534 913 555 974 5
580 914 684 992 prisca
705 920 774 974 tota
797 912 853 975 illa
874 921 978 976 mente
1000 922 1108 993 repeto
1130 913 1201 997 (ubi
1223 915 1285 976 iam
1308 914 1356 977 ed.
1379 913 1409 976 2.
1432 932 1483 974 re-

217 1012 328 1098 cedit),
361 1021 466 1076 tamen
500 1014 664 1094 probanda
695 1021 779 1087 sunt,
807 1033 886 1095 quae
910 1015 1016 1078 eodem
1042 1035 1192 1078 consensu
1215 1013 1481 1085 commendantur,

218 1114 326 1176 Praei.
354 1116 374 1176 3
403 1114 617 1196 magnitudine
645 1134 749 1176 eornm
778 1134 837 1189 me,
860 1115 911 1196 qni
934 1115 1051 1178 nomini
1073 1115 1211 1178 ollioient
1233 1135 1311 1189 meo,
1334 1113 1483 1188 consoler,

219 1214 250 1290 6,
273 1217 294 1277 3
323 1214 451 1278 Albana
477 1236 510 1278 re
537 1215 699 1296 permissa,
731 1214 779 1290 18,
801 1215 822 1278 8
844 1224 991 1295 precatus
1012 1217 1059 1279 ita
1082 1224 1140 1289 est,
1162 1217 1215 1291 43,
1239 1217 1278 1278 13
1300 1223 1407 1296 partes
1430 1234 1483 1277 eas

219 1316 322 1378 tribus
355 1317 537 1397 appellavit.
582 1317 698 1380 Sextus
732 1316 829 1390 locus,
858 1317 908 1390 25,
934 1317 973 1380 14
1002 1325 1091 1380 utet
1114 1325 1284 1398 pugnatum
1308 1316 1483 1396 est,paulo

221 1417 362 1498 pluribus
386 1424 435 1480 est
456 1419 682 1480 memorandus.
728 1417 781 1480 Sic
804 1418 872 1480 cdd.
896 1425 929 1479 et
951 1419 1036 1480 edd.:
1059 1429 1094 1480 ut
1115 1429 1143 1482 et
1160 1418 1281 1481 MFPU
1293 1418 1483 1482 Vorm.cdd.

219 1519 315 1580 Frob.
338 1517 430 1582 Grut.
454 1517 549 1582 Gron.
572 1517 642 1582 Ala.
664 1519 722 1580 Hz.
744 1518 819 1581 Wb.
842 1519 948 1582 Madv.
972 1529 1000 1582 et
1022 1529 1056 1581 ut
1078 1519 1136 1591 TQ
1158 1523 1187 1582 2.
1210 1519 1284 1582 Ald.
1303 1517 1377 1582 Sob.
1394 1518 1483 1581 Creu.

221 1619 309 1682 Lem.
344 1619 441 1682 Drak.
476 1619 520 1682 Ει
547 1629 581 1680 ut
609 1619 796 1682 RDLNOE.
819 1630 853 1682 ut
873 1620 985 1682 Bamb.
1008 1622 1035 1683 B
1060 1621 1087 1683 1.
1110 1621 1139 1683 b.
1162 1620 1191 1683 6.
1214 1619 1244 1682 8.
1267 1618 1297 1683 9.
1320 1619 1403 1699 Mog.
1446 1619 1483 1680 In

219 1719 305 1783 hunc
328 1721 450 1782 modum
474 1719 549 1782 milri
573 1721 791 1800 explicandum
814 1721 939 1783 videtur
959 1729 994 1782 ut
1016 1731 1044 1784 et
1056 1731 1236 1806 pugnatum
1252 1731 1314 1784 eat:
1336 1727 1372 1782 nt
1388 1720 1483 1782 etiam
1520 1779 1524 1787 .

221 1822 343 1902 magnis
376 1821 551 1884 intervallis
583 1822 748 1884 Horatium
784 1822 952 1903 fugientem
987 1823 1085 1886 secuti
1117 1829 1334 1904 pugnaverant
1356 1820 1484 1894 Albani,

222 1921 273 1985 vel
296 1922 407 1996 dicam,
430 1930 466 1984 ut
488 1922 643 1985 distantes
665 1922 748 1985 inter
769 1943 803 1984 se
827 1923 1012 1998 ceciderant,
1035 1925 1082 1986 ita
1105 1923 1179 1987 locis
1201 1923 1355 1986 distantia
1373 1941 1485 1994 eorun-

221 2023 293 2086 dem
317 2030 407 2086 erant
428 2023 580 2104 sepulcra.
625 2024 661 2085 Id
685 2024 800 2086 dictum
824 2023 924 2087 voluit
945 2023 1063 2100 Livius,
1084 2023 1252 2088 intervella
1274 2023 1484 2103 sepulcrorum

223 2143 263 2186 ex
295 2123 469 2189 intervallis
502 2143 686 2205 pugnarum,
720 2143 799 2205 qnae
833 2123 977 2206 deinceps
1011 2126 1165 2206 repetitae
1194 2126 1283 2188 modo
1311 2123 1485 2204 descriptae

223 2233 339 2300 essent,
374 2225 568 2306 pependisse.
611 2227 743 2288 Frustra
776 2225 871 2307 igitur
899 2227 962 2289 Iac.
993 2225 1168 2290 Gronovius
1191 2245 1297 2290 verum
1321 2245 1388 2288 esee
1411 2243 1486 2288 con-

223 2327 327 2390 tendit
360 2327 492 2390 alterum
526 2326 664 2390 ordinem
695 2327 856 2390 verborum
880 2325 928 2390 his
951 2328 1054 2390 verbis
1077 2348 1165 2392 usus:
1189 2319 1290 2390 »edat
1306 2335 1486 2412 pugnatum

222 2437 285 2502 cat3
310 2449 411 2492 vacua
439 2427 518 2491 euim
548 2435 597 2490 est
620 2429 720 2491 altera
743 2426 922 2504 admonitio,
946 2437 978 2491 et
1000 2429 1113 2504 nullus,
1137 2429 1188 2510 qui
1212 2429 1315 2509 priora
1336 2427 1417 2489 Livii
1439 2427 1486 2490 le-

223 2530 281 2611 git,
302 2529 420 2592 nescire
442 2537 547 2610 potest
569 2529 760 2592 distantibus
783 2530 858 2592 locis
880 2538 1052 2612 pugnatum
1076 2551 1169 2594 essen.
1203 2530 1312 2611 Neque
1335 2547 1485 2609 superva-

224 2650 352 2694 caneum
378 2639 472 2713 atque
494 2630 603 2693 inutile
626 2639 655 2693 et
677 2639 726 2692 est
746 2631 935 2706 habendum,
958 2631 995 2694 cf.
1019 2626 1070 2706 27,
1093 2632 1112 2694 5
1135 2631 1176 2694 Hi
1200 2631 1283 2692 etin
1307 2630 1383 2692 acie.

307 2733 356 2796 De
389 2732 495 2795 ordine
527 2731 623 2813 igitur
654 2731 816 2794 verborum
840 2733 884 2794 sio
907 2733 1108 2795 statuendum
1133 2751 1253 2805 censeo,
1276 2731 1387 2813 quibus
1411 2730 1486 2794 locis

225 2841 398 2914 congruant
425 2833 524 2907 MFP,
554 2833 708 2914 plerisque
730 2841 814 2895 recte
837 2833 1018 2908 rehabere,
1041 2853 1097 2915 per
1118 2854 1151 2896 se
1173 2833 1208 2896 M
1230 2833 1346 2895 nnllam
1370 2833 1485 2896 habere

226 2935 457 2998 anctoritatem.
500 2935 567 2996 Iam
604 2954 676 2996 vero
709 2933 921 3014 inspiciendae
948 2943 1022 2998 sunt
1045 2935 1125 2998 aliae
1148 2933 1331 3014 scriptiones
1353 2933 1485 2996 Medicei

226 3037 368 3117 propriae
392 3055 428 3098 ac
450 3035 622 3116 peculiares
646 3043 742 3116 atque
764 3035 942 3098 accuratius
965 3036 1200 3099 examinandae.

309 3138 414 3201 Praei.
442 3139 461 3200 3
488 3135 523 3200 io
551 3135 680 3200 obscuro
703 3135 743 3197 sit
765 3143 893 3216 propter
915 3137 1149 3218 grammaticam
1171 3135 1323 3198 rationem
1347 3135 1486 3198 seriben-

227 3239 298 3302 dum
328 3259 396 3302 esse
424 3238 486 3300 iarn
516 3239 598 3317 apud
622 3256 727 3299 omnes
751 3244 884 3312 constat,
907 3237 1050 3319 florisque
1073 3238 1176 3301 brevis
1198 3236 1269 3312 fuit,
1291 3238 1371 3318 quod
1395 3255 1487 3318 prae-

225 3340 280 3402 bet
301 3340 346 3414 M,
368 3340 404 3403 ia
426 3338 506 3402 obeo.
529 3348 582 3402 eat.

311 3442 340 3516 l,
361 3442 381 3504 3
406 3439 549 3526 primum
575 3441 690 3523 egressi
717 3449 789 3501 suot
816 3439 878 3502 iam
907 3460 967 3502 non
997 3448 1156 3520 comparet
1184 3437 1243 3503 nisi
1265 3438 1296 3500 in
1319 3438 1364 3512 M,
1387 3455 1486 3519 neque

227 3562 262 3606 eo
296 3542 397 3606 minus
431 3549 505 3604 ante
539 3560 608 3604 enm
640 3540 774 3604 codicem
805 3560 885 3603 nova
914 3541 1078 3604 collatione
1102 3542 1257 3622 cognitum
1282 3537 1488 3602 exhibebatur

227 3644 267 3706 ab
297 3643 449 3716 omnibns,
477 3642 536 3704 hoc
557 3660 664 3705 rursus
686 3641 824 3704 subsidio
848 3650 1028 3722 comparato
1051 3643 1129 3704 adeo
1151 3662 1211 3704 non
1235 3640 1404 3702 auctiorem
1428 3639 1488 3702 sibi

127 3778 130 3792 ·
227 3745 318 3807 iidem
350 3743 527 3806 conciliavit
555 3763 592 3806 ea
616 3743 717 3818 lectio,
741 3751 775 3804 ut
799 3761 818 3804 a
839 3741 1104 3816 Weissenbornio,
1126 3741 1327 3824 Ingersievio,
1349 3740 1488 3816 Hertzio,

228 3846 297 3908 aliis
320 3845 437 3908 reiecta
459 3863 557 3925 paene
581 3845 611 3907 in
634 3843 818 3906 oblivionem
843 3845 1059 3916 adduceretur,
1083 3863 1150 3906 oum
1174 3864 1194 3906 a
1215 3841 1374 3923 Madvigio
1397 3850 1429 3904 et
1446 3842 1486 3904 H.

227 3947 252 4010 Ι.
275 3945 426 4010 Muellero
448 3953 596 4008 revocata
618 3952 673 4008 εει.
718 3943 766 4006 At
792 3963 863 4007 num
888 3943 1084 4007 necessario?
1117 3943 1160 4006 Io
1182 3965 1272 4029 quem
1289 3943 1433 4027 primum
1455 3963 1488 4005 a·

226 4048 327 4131 pressi
348 4055 420 4109 aunt
442 4045 543 4109 locum
565 4047 646 4109 idem
671 4047 735 4107 fere
757 4052 806 4107 est
829 4053 925 4126 atque
944 4045 971 4106 is
994 4045 1090 4120 locus,
1113 4065 1202 4127 quem
1226 4045 1358 4124 primum
1376 4043 1407 4107 in
1422 4051 1488 4106 ter-

228 4169 293 4212 ram
318 4147 432 4230 egressi
456 4154 694 4228 occupaverant,
717 4145 747 4220 5,
759 4144 857 4221 34‚8;
879 4145 987 4228 itaque
1004 4146 1122 4226 primns
1141 4146 1320 4227 appellatus
1338 4145 1390 4208 ille
1403 4145 1487 4208 locus

227 4249 430 4330 distinguitur
457 4249 496 4310 ab
527 4249 607 4323 aliis,
638 4267 714 4329 quos
737 4246 883 4328 deinceps
904 4247 935 4308 in
959 4256 1073 4310 terram
1098 4247 1212 4328 egressi
1236 4247 1329 4308 Eneti
1352 4265 1487 4326 occupa-

226 4358 349 4414 verunt.
393 4348 492 4412 Paulo
521 4350 613 4412 aliter
635 4349 753 4433 primo,
777 4366 857 4428 quae
879 4347 1065 4429 reliquorum
1089 4348 1216 4428 scriptio
1240 4355 1298 4422 est,
1321 4347 1487 4426 accipitm3

226 4452 382 4532 significat
400 4449 481 4514 enim
504 4451 584 4532 quod
607 4450 705 4530 primo
728 4455 800 4528 post
822 4449 989 4512 adventum
1013 4456 1152 4529 tempore
1175 4449 1195 4512 i.
1219 4470 1245 4512 e.
1268 4448 1377 4512 statim
1398 4445 1487 4508 initio

227 4554 345 4617 factum
373 4552 425 4625 sit,
454 4560 489 4614 ut
517 4552 597 4632 quod
622 4550 684 4612 alia
706 4556 818 4630 postea
839 4555 948 4610 secuta
970 4549 1043 4623 sint,
1066 4569 1123 4612 nec
1145 4551 1184 4612 ob
1206 4551 1237 4612 id
1261 4566 1386 4612 necesse
1409 4554 1487 4622 erat,

226 4654 308 4716 sicut
330 4654 360 4716 in
383 4653 408 4734 l.
432 4661 591 4733 sequente,
614 4671 663 4712 res
686 4669 776 4730 porro
799 4649 905 4711 ordine
929 4658 1034 4730 gestas
1057 4669 1220 4729 exponere.
1254 4649 1303 4712 Oi.
1320 4649 1419 4728 primo
1436 4649 1488 4723 al,

226 4755 277 4829 33,
303 4755 350 4816 ll.
373 4753 403 4827 4,
426 4753 456 4827 2,
481 4753 529 4814 lo.
