3584 5632
478 613 677 684 lllpilogomena
699 612 735 668 ad
758 613 790 668 ’1.
814 611 885 670 Livii
908 613 1010 668 librum
1033 615 1162 683 primum.
1411 617 1448 670 61

186 785 434 866 Nonnumquam
468 785 517 850 vel
547 804 602 865 pro
634 785 797 865 participio
824 785 874 846 vel
902 803 957 864 pro
980 784 1126 847 adverbio
1148 785 1256 848 haberi
1280 794 1394 867 potest,
1417 797 1453 850 nt

190 887 259 950 (lic.
287 888 375 948 Fam.
403 887 507 960 515,
533 888 546 947 l
577 887 640 960 ille,
668 895 704 948 ut
736 885 852 960 aiebat,
877 904 972 965 snpra
992 886 1127 948 Maleam
1149 887 1181 948 iu
1202 887 1328 949 ltaliam
1346 907 1455 951 versus

190 988 399 1068 navigaturus
432 995 509 1048 erat.
554 986 639 1049 Alibi
673 986 800 1049 evidem
833 993 882 1048 est
914 987 1106 1061 adverbium,
1137 995 1172 1049 ut
1199 989 1287 1050 Fam.
1309 988 1340 1062 8,
1366 990 1452 1064 luz

189 1087 358 1158 Quodnam
387 1089 426 1150 ob
449 1088 550 1150 scelus
572 1088 633 1150 iter
655 1087 729 1149 mihi
752 1087 959 1150 necessarium
982 1095 1065 1150 retro
1088 1089 1128 1149 ad
1151 1089 1251 1168 Alpes
1273 1109 1381 1152 versus
1403 1092 1452 1152 in-

188 1188 291 1252 cidit?
313 1189 405 1252 Caes.
427 1189 456 1250 b.
479 1187 519 1252 G.
542 1187 572 1263 6,
595 1189 636 1250 33
657 1188 829 1250 Labienum
854 1188 894 1250 ad
917 1207 1064 1250 oceanum
1088 1209 1197 1252 versus
1219 1190 1250 1250 15
1273 1210 1327 1252 eas
1345 1200 1452 1271 partes

191 1323 235 1338 --
256 1289 408 1370 proficisci
436 1289 532 1352 iubet.
577 1289 654 1352 Sall.
683 1289 749 1369 lug.
773 1288 824 1361 58,
845 1289 867 1350 4
889 1289 1112 1352 animadvortit
1134 1292 1239 1370 fugam
1263 1292 1302 1352 ad
1325 1311 1358 1354 se
1380 1311 1453 1355 vor-

192 1411 262 1454 sum
285 1391 360 1454 lieri.
404 1391 485 1453 Plin.
508 1391 567 1469 Ep.
593 1391 641 1464 10,
663 1389 704 1451 82
726 1390 752 1451 51
774 1389 806 1452 15
830 1391 936 1452 urbem
958 1409 1066 1452 versus
1089 1389 1212 1454 venturi
1235 1404 1333 1454 eruut.
1370 1393 1452 1455 Vell.

196 1493 223 1565 1,
249 1492 287 1554 15
310 1491 440 1554 Cassius
463 1509 570 1554 censor
592 1511 612 1551 a
633 1491 798 1570 Lupercali
820 1491 851 1552 in
875 1491 1032 1553 Palatium
1054 1510 1162 1552 versus
1179 1491 1337 1555 theatrum
1352 1495 1454 1556 facere

191 1593 342 1656 instituit.
386 1593 473 1654 curt.
497 1592 527 1666 4,
549 1593 588 1652 31
613 1587 660 1674 (7,
685 1591 740 1675 18)
763 1593 797 1654 15
822 1592 979 1653 meridiem
1005 1611 1126 1654 versum
1151 1593 1274 1655 Arabes
1297 1603 1451 1674 spectant.

190 1694 314 1756 Auctor
336 1694 366 1754 b.
389 1693 479 1773 Hisp.
506 1692 544 1754 18
566 1713 599 1755 se
622 1693 810 1756 deducerent
832 1695 872 1754 ad
895 1711 980 1755 mare
1002 1712 1136 1766 versum,
1159 1695 1189 1754 b.
1212 1694 1281 1757 Alr.
1305 1693 1346 1756 37
1366 1696 1454 1758 iubet

191 1813 301 1858 omues
322 1794 458 1874 legiones
481 1813 520 1856 ex
542 1793 654 1856 castris
676 1794 764 1856 educi
787 1801 882 1874 atque
904 1813 938 1854 se
961 1794 1106 1875 consequi
1120 1795 1159 1856 ad
1174 1795 1321 1874 oppidum
1336 1795 1454 1875 Ruspi-

193 1915 265 1958 nam
298 1913 417 1958 versus.
462 1895 558 1957 Guius
591 1895 711 1974 generis
745 1895 889 1974 exempla
922 1894 974 1955 vix
1007 1895 1076 1974 plus
1108 1915 1200 1976 quam
1223 1895 1347 1977 singula
1369 1898 1452 1976 apud

191 1997 330 2077 singulos
358 1996 525 2076 scriptores
553 1995 762 2068 inveniuntur,
790 1996 897 2076 itaque
920 1995 946 2056 si
968 1995 1018 2057 vel
1040 1996 1098 2056 hoc
1120 2015 1225 2070 uuum,
1249 1998 1329 2077 quod
1352 1999 1452 2070 adest,

190 2098 224 2158 iu
245 2097 327 2159 Livii
351 2097 419 2158 cdd.
443 2105 561 2158 certum
584 2104 642 2170 est,
664 2097 696 2158 id
719 2097 810 2177 55551
832 2096 965 2176 bonique
988 2096 1148 2158 faciamus.
1188 2098 1291 2160 Ceteri
1314 2099 1453 2160 nonnulli

193 2206 324 2280 quartae
351 2197 478 2260 decadis
500 2198 558 2259 loci
580 2198 612 2258 in
635 2198 762 2260 dubium
786 2198 889 2260 vocari
912 2206 1053 2276 possunt.
1096 2199 1177 2260 Nam
1202 2198 1252 2272 38,
1275 2199 1325 2273 51,
1349 2199 1378 2272 3,
1401 2199 1454 2262 551

192 2299 284 2362 hodie
305 2298 436 2380 legitur:
458 2297 533 2360 »hoc
556 2297 707 2360 Graeciae
729 2298 889 2379 Asiaeque
912 2306 944 2359 et
966 2298 1107 2360 omnibus
1130 2299 1169 2360 ad
1193 2300 1341 2362 orientem
1357 2301 1456 2362 uersis

191 2400 318 2480 regibus
348 2399 554 2480 gentibusque
583 2407 776 2479 appareret»,
798 2399 956 2472 Heinsius,
978 2398 1096 2473 Duker,
1119 2399 1245 2462 Crevier
1267 2401 1452 2480 scripturam

192 2499 425 2564 Gronoviauam
449 2498 491 2561 ud
513 2501 661 2562 orlectem
684 2521 790 2562 uersus
806 2501 837 2561 in
856 2499 1060 2578 patrocinium
1076 2510 1291 2580 susceperunt,
1307 2521 1344 2563 sc
1356 2503 1454 2564 555515

191 2600 318 2684 sepibus
345 2621 401 2682 per
421 2601 593 2681 speciosam
619 2600 848 2680 congruentiam
873 2600 964 2662 facile
988 2609 1088 2662 ortum
1113 2609 1162 2663 est
1182 2601 1213 2662 15
1237 2603 1305 2664 cdd.
1340 2601 1375 2666 Si
1397 2604 1454 2666 de-

193 2702 287 2784 niqne
306 2703 356 2764 ed.
379 2703 483 2776 Frob,
505 2721 585 2782 5555
606 2702 638 2762 15
660 2701 743 2764 hunc
765 2701 875 2776 locum,
893 2702 931 2762 de
950 2720 1009 2781 quo
1024 2700 1236 2775 disseruimus,
1254 2710 1376 2766 tantam
1391 2704 1453 2766 vim

192 2803 315 2878 habuit,
338 2804 467 2866 eandem
490 2801 541 2876 36,
566 2803 614 2876 15,
636 2795 655 2863 7
678 2801 835 2876 retinebit,
858 2803 1020 2883 legendum
1041 2811 1123 2864 corte
1140 2803 1212 2864 erit:
1236 2804 1322 2867 Ante
1337 2805 1452 2868 saltum

193 2904 470 2986 Thermopylarum
498 2903 531 2966 in
559 2903 800 2984 septentrionem
829 2925 935 2965 cerem
958 2904 1092 2982 Epirus.
1108 2911 1185 2966 ‚est
1229 2903 1331 2975 Quam
1355 2906 1454 2987 scrip-

193 3006 309 3070 tionem
341 3004 426 3068 illios
459 3011 587 3068 tuentur
617 3005 685 3066 edd.
714 3005 905 3068 Basilienses
927 3003 1026 3087 (1543
1049 3003 1144 3088 sqq),
1166 3007 1455 3081 Franoofurtenses,

194 3105 359 3180 Gruterus,
382 3105 571 3169 Giovenazzi
594 3113 628 3167 et
648 3106 782 3168 fortasse
804 3105 869 3180 5111,
887 3106 941 3168 sed
960 3106 1051 3186 vulgo
1070 3106 1215 3169 scribitur
1228 3108 1454 3187 umsuEpirns.

278 3208 330 3280 el,
353 3201 372 3267 7
399 3207 465 3268 lum
492 3215 568 3279 tum,
596 3208 787 3290 comprensis
816 3205 939 3268 sceleris
960 3207 1117 3270 ministris
1137 3217 1172 3268 55
1193 3208 1294 3272 uicere
1317 3217 1375 3270 555.
1398 3229 1455 3289 op-

194 3310 339 3372 timorum
368 3309 436 3370 cdd.
461 3315 511 3370 ost
531 3307 687 3387 scriptura
709 3309 879 3388 eademque
901 3308 971 3370 edd.
995 3309 1215 3389 antiquiorum,
1238 3309 1297 3370 uisi
1320 3310 1400 3390 quod
1423 3309 1454 3372 irr

195 3410 302 3472 multis
325 3410 394 3472 cdd.
415 3407 661 3490 reduplicatione
683 3409 768 3470 hand
789 3408 917 3470 insolita
939 3429 1009 3470 cum
1032 3409 1213 3492 conprensis
1232 3409 1381 3490 scriptum
1396 3419 1454 3484 est,

196 3519 291 3592 atque
318 3511 350 3574 in
379 3511 448 3572 odd.
476 3510 630 3590 plerisque
659 3507 767 3592 (Frob.
792 3509 883 3590 cett.)
905 3510 967 3572 iam
990 3517 1057 3572 turn
1079 3508 1308 3593 comprehensis
1329 3509 1455 3574 sceleris

195 3611 356 3684 ministris,
385 3619 421 3674 ut
449 3611 554 3672 vivere
575 3618 652 3684 est;
674 3612 728 3674 sed
751 3610 938 3674 recentiores
961 3609 1100 3690 plerique
1122 3610 1256 3674 editores
1279 3633 1349 3674 cum
1370 3612 1455 3674 istud

195 3720 314 3786 tenent,
336 3720 371 3774 55
393 3710 528 3776 51151555.
573 3712 647 3774 Vid.
671 3711 804 3774 Oollatio
827 3711 965 3774 codicum
989 3729 1060 3792 pag.
1082 3710 1133 3773 84.

277 3814 450 3894 Postquam
473 3811 562 3875 initio
585 3812 676 3874 huius
699 3813 811 3892 capitis
834 3812 950 3874 dictum
975 3819 1024 3874 est
1045 3819 1198 3892 pastores,
1221 3815 1273 3895 qui
1288 3833 1390 3895 regern
1406 3814 1456 3876 in-

194 3914 401 3988 terfecissent,
423 3913 532 3976 statim
556 3913 793 3994 comprehensos
815 3931 892 3986 esse,
916 3931 950 3974 eo
973 3913 1125 3992 processit
1147 3915 1295 3989 55555515,
1318 3923 1354 3976 55
1374 3933 1456 3978 mors
1538 3903 1540 3912 '

195 4015 276 4096 regis
308 4033 369 4078 555
403 4015 466 4076 iam
501 4014 664 4088 celaretur,
695 4023 728 4076 et
749 4013 877 4077 Servius
899 4014 1062 4076 voluntate
1084 4022 1210 4094 patrum
1232 4035 1360 4096 regnare
1383 4035 1455 4078 cce-

196 4117 305 4196 pisset.
347 4114 498 4196 Sequitur
530 4115 604 4178 hoc:
637 4115 719 4180 Anci
748 4115 836 4178 liberi
858 4114 920 4176 iarn
944 4123 1011 4176 torn
1035 4115 1210 4178 exsulatum
1233 4115 1350 4190 ieraut;
1373 4123 1455 4180 tem-

196 4237 325 4299 pusque,
358 4237 418 4299 quo
450 4216 483 4278 id
516 4217 634 4278 lactum
668 4225 761 4289 esset,
794 4217 841 4278 ita
871 4216 1047 4279 accuratius
1075 4216 1230 4290 delinitur,
1258 4225 1303 4289 ut,
1326 4217 1456 4279 simulac

196 4317 425 4400 comprehensis
446 4316 572 4380 sceleris
595 4317 744 4380 ministris
767 4317 870 4380 vivere
893 4337 995 4398 regem
1019 4325 1052 4379 55
1073 4324 1181 4379 tantas
1204 4337 1271 4380 esse
1291 4337 1364 4397 opes
1379 4316 1455 4380 Ser-

195 4420 238 4482 vii
260 4419 438 4484 nuntiatum
461 4425 555 4491 esset,
578 4418 719 4482 exsilium
742 4418 803 4480 sibi
825 4417 1010 4480 conscivisse
1032 4418 1185 4480 dicantur.

278 4520 331 4594 43,
352 4521 373 4582 3
405 4519 441 4580 iu
469 4516 547 4582 bello
576 4517 723 4604 offerrem
745 4519 781 4592 si,
805 4527 840 4580 55
862 4518 980 4598 opinor,
1003 4518 1152 4600 scriptum
1175 4519 1245 4592 fuit,
1268 4519 1360 4582 facile
1382 4519 1454 4581 hoc:

195 4623 230 4684 15
262 4619 340 4684 hello
367 4619 503 4706 ferrent,
537 4621 617 4701 quod
650 4620 802 4700 praebent
830 4621 909 4692 cdd,
939 4626 1040 4682 ortum
1064 4627 1128 4694 est;
1161 4620 1351 4700 subsequens
1375 4619 1454 4682 enim

197 4723 316 4797 eadam
347 4741 427 4804 quae
454 4728 677 4801 praecesserat,
700 4720 817 4783 vocalis
839 4720 1020 4800 saepissime
1043 4720 1278 4793 exsorbeatur,
1300 4740 1359 4801 quo
1381 4720 1456 4782 nixa

196 4843 329 4889 consona
357 4821 538 4903 deperibat;
569 4822 654 4884 cuius
676 4821 720 4884 rei
744 4830 778 4882 ut
799 4822 976 4901 exemplum
999 4821 1132 4882 vicinum
1156 4821 1308 4896 adseram,
1330 4821 1381 4897 58,
1406 4823 1454 4895 10,
