<?xml version="1.0" encoding="UTF-8"?>
<!DOCTYPE html PUBLIC "-//W3C//DTD XHTML 1.0 Transitional//EN"
    "http://www.w3.org/TR/xhtml1/DTD/xhtml1-transitional.dtd">
<html xmlns="http://www.w3.org/1999/xhtml" xml:lang="en" lang="en">
 <head>
  <title>
</title>
<meta http-equiv="Content-Type" content="text/html;charset=utf-8" />
  <meta name='ocr-system' content='tesseract 3.04.00' />
  <meta name='ocr-capabilities' content='ocr_page ocr_carea ocr_par ocr_line ocrx_word'/>
</head>
<body>
  <div class='ocr_page' id='page_1' title='image "./epilegomenaadtl00friggoog_0122.png"; bbox 0 0 3574 5632; ppageno 0'>
   <div class='ocr_carea' id='block_1_1' title="bbox 369 585 1434 690">
    <p class='ocr_par' dir='ltr' id='par_1_1' title="bbox 369 585 1434 690">
     <span class='ocr_line' id='line_1_1' title="bbox 369 585 1434 690; baseline -0.001 -18"><span class='ocrx_word' id='word_1_1' title='bbox 369 614 569 690; x_wconf 76' lang='lat' dir='ltr'>hipilogomena</span> <span class='ocrx_word' id='word_1_2' title='bbox 590 613 626 672; x_wconf 86' lang='lat' dir='ltr'>ad</span> <span class='ocrx_word' id='word_1_3' title='bbox 649 617 681 674; x_wconf 82' lang='grc'>’1.</span> <span class='ocrx_word' id='word_1_4' title='bbox 706 614 777 674; x_wconf 83' lang='lat' dir='ltr'>Livii</span> <span class='ocrx_word' id='word_1_5' title='bbox 801 585 902 674; x_wconf 83' lang='lat' dir='ltr'>librum</span> <span class='ocrx_word' id='word_1_6' title='bbox 926 615 1086 674; x_wconf 85' lang='lat' dir='ltr'>vicesimum</span> <span class='ocrx_word' id='word_1_7' title='bbox 1110 613 1238 688; x_wconf 79' lang='lat' dir='ltr'>primum.</span> <span class='ocrx_word' id='word_1_8' title='bbox 1395 613 1434 672; x_wconf 80' lang='lat' dir='ltr'>ut</span> 
     </span>
    </p>
   </div>
   <div class='ocr_carea' id='block_1_2' title="bbox 161 789 1436 4803">
    <p class='ocr_par' dir='ltr' id='par_1_2' title="bbox 161 789 1436 4803">
     <span class='ocr_line' id='line_1_2' title="bbox 161 789 1436 870; baseline 0.003 -18"><span class='ocrx_word' id='word_1_9' title='bbox 161 799 253 854; x_wconf 87' lang='lat' dir='ltr'>tuus</span> <span class='ocrx_word' id='word_1_10' title='bbox 276 799 333 854; x_wconf 87' lang='grc'>111.</span> <span class='ocrx_word' id='word_1_11' title='bbox 378 792 448 854; x_wconf 86' lang='grc' dir='ltr'>Ρ11.</span> <span class='ocrx_word' id='word_1_12' title='bbox 471 791 524 854; x_wconf 91' lang='lat' dir='ltr'>lib.</span> <span class='ocrx_word' id='word_1_13' title='bbox 550 793 609 870; x_wconf 84' lang='grc'>130</span> <span class='ocrx_word' id='word_1_14' title='bbox 633 791 800 865; x_wconf 87' lang='lat' dir='ltr'>Antonius,</span> <span class='ocrx_word' id='word_1_15' title='bbox 833 793 906 854; x_wconf 88' lang='lat' dir='ltr'>dum</span> <span class='ocrx_word' id='word_1_16' title='bbox 930 811 997 856; x_wconf 88' lang='lat' dir='ltr'>cum</span> <span class='ocrx_word' id='word_1_17' title='bbox 1027 791 1196 870; x_wconf 76' lang='lat' dir='ltr'><strong>Cleopatra</strong></span> <span class='ocrx_word' id='word_1_18' title='bbox 1217 789 1436 868; x_wconf 76' lang='lat' dir='ltr'>luxuriaretur,</span> 
     </span>
     <span class='ocr_line' id='line_1_3' title="bbox 164 889 1436 973; baseline 0 -19"><span class='ocrx_word' id='word_1_19' title='bbox 164 893 270 954; x_wconf 84' lang='lat' dir='ltr'>tarde</span> <span class='ocrx_word' id='word_1_20' title='bbox 293 892 428 954; x_wconf 88' lang='lat' dir='ltr'>Mediam</span> <span class='ocrx_word' id='word_1_21' title='bbox 452 893 610 973; x_wconf 85' lang='lat' dir='ltr'>ingressus</span> <span class='ocrx_word' id='word_1_22' title='bbox 632 893 747 955; x_wconf 89' lang='lat' dir='ltr'>bellum</span> <span class='ocrx_word' id='word_1_23' title='bbox 769 892 898 954; x_wconf 91' lang='lat' dir='ltr'>Parthis</span> <span class='ocrx_word' id='word_1_24' title='bbox 914 892 1032 954; x_wconf 89' lang='lat' dir='ltr'>intulit.</span> <span class='ocrx_word' id='word_1_25' title='bbox 1055 890 1106 964; x_wconf 89' lang='grc'>36,</span> <span class='ocrx_word' id='word_1_26' title='bbox 1128 889 1158 964; x_wconf 87' lang='grc'>8,</span> <span class='ocrx_word' id='word_1_27' title='bbox 1181 891 1200 952; x_wconf 87' lang='grc'><strong>3</strong></span> <span class='ocrx_word' id='word_1_28' title='bbox 1223 890 1271 952; x_wconf 93' lang='lat' dir='ltr'>lbi</span> <span class='ocrx_word' id='word_1_29' title='bbox 1294 893 1436 973; x_wconf 75' lang='lat' dir='ltr'>dumop·</span> 
     </span>
     <span class='ocr_line' id='line_1_4' title="bbox 165 992 1433 1074; baseline 0 -20"><span class='ocrx_word' id='word_1_30' title='bbox 165 993 332 1072; x_wconf 86' lang='lat' dir='ltr'>periretur</span> <span class='ocrx_word' id='word_1_31' title='bbox 353 992 500 1067; x_wconf 82' lang='lat' dir='ltr'>Aetolos,</span> <span class='ocrx_word' id='word_1_32' title='bbox 535 993 713 1074; x_wconf 86' lang='lat' dir='ltr'>Philippum</span> <span class='ocrx_word' id='word_1_33' title='bbox 738 1039 745 1054; x_wconf 91' lang='lat'><strong>.</strong></span> <span class='ocrx_word' id='word_1_34' title='bbox 770 1039 776 1054; x_wconf 92' lang='lat'><strong>.</strong></span> <span class='ocrx_word' id='word_1_35' title='bbox 801 995 839 1056; x_wconf 91' lang='lat' dir='ltr'>ad</span> <span class='ocrx_word' id='word_1_36' title='bbox 864 993 994 1074; x_wconf 88' lang='lat' dir='ltr'>legenda</span> <span class='ocrx_word' id='word_1_37' title='bbox 1016 1011 1088 1054; x_wconf 92' lang='lat' dir='ltr'>ossa</span> <span class='ocrx_word' id='word_1_38' title='bbox 1109 992 1315 1054; x_wconf 82' lang='lat' dir='ltr'>Macedonum</span> <span class='ocrx_word' id='word_1_39' title='bbox 1339 994 1433 1056; x_wconf 81' lang='lat' dir='ltr'>misit.</span> 
     </span>
     <span class='ocr_line' id='line_1_5' title="bbox 169 1091 1436 1178; baseline 0.002 -24"><span class='ocrx_word' id='word_1_40' title='bbox 169 1093 282 1156; x_wconf 86' lang='lat' dir='ltr'>Aldus</span> <span class='ocrx_word' id='word_1_41' title='bbox 315 1113 354 1155; x_wconf 84' lang='lat' dir='ltr'>ex</span> <span class='ocrx_word' id='word_1_42' title='bbox 386 1093 446 1156; x_wconf 91' lang='lat' dir='ltr'>fide</span> <span class='ocrx_word' id='word_1_43' title='bbox 481 1095 546 1156; x_wconf 85' lang='lat' dir='ltr'>cod.</span> <span class='ocrx_word' id='word_1_44' title='bbox 569 1095 652 1175; x_wconf 89' lang='lat' dir='ltr'>Mog.</span> <span class='ocrx_word' id='word_1_45' title='bbox 682 1095 763 1157; x_wconf 85' lang='lat' dir='ltr'>Edd.</span> <span class='ocrx_word' id='word_1_46' title='bbox 792 1101 865 1158; x_wconf 90' lang='lat' dir='ltr'>ante</span> <span class='ocrx_word' id='word_1_47' title='bbox 895 1094 1011 1156; x_wconf 90' lang='lat' dir='ltr'>Aldum</span> <span class='ocrx_word' id='word_1_48' title='bbox 1041 1091 1215 1178; x_wconf 82' lang='lat' dir='ltr'>opperitur,</span> <span class='ocrx_word' id='word_1_49' title='bbox 1248 1093 1292 1154; x_wconf 91' lang='lat' dir='ltr'>sic</span> <span class='ocrx_word' id='word_1_50' title='bbox 1320 1095 1436 1156; x_wconf 89' lang='lat' dir='ltr'>iamdiu</span> 
     </span>
     <span class='ocr_line' id='line_1_6' title="bbox 171 1192 1433 1276; baseline 0 -20"><span class='ocrx_word' id='word_1_51' title='bbox 171 1214 296 1256; x_wconf 86' lang='lat' dir='ltr'>omnes.</span> <span class='ocrx_word' id='word_1_52' title='bbox 340 1195 514 1258; x_wconf 80' lang='lat' dir='ltr'>Euomeret</span> <span class='ocrx_word' id='word_1_53' title='bbox 535 1195 632 1257; x_wconf 89' lang='lat' dir='ltr'>Drak.</span> <span class='ocrx_word' id='word_1_54' title='bbox 657 1196 828 1276; x_wconf 90' lang='lat' dir='ltr'>complures</span> <span class='ocrx_word' id='word_1_55' title='bbox 852 1195 930 1269; x_wconf 73' lang='lat' dir='ltr'>cdd,</span> <span class='ocrx_word' id='word_1_56' title='bbox 954 1195 1005 1275; x_wconf 94' lang='lat' dir='ltr'>qni</span> <span class='ocrx_word' id='word_1_57' title='bbox 1024 1193 1163 1257; x_wconf 80' lang='lat' dir='ltr'>habeant</span> <span class='ocrx_word' id='word_1_58' title='bbox 1185 1192 1214 1266; x_wconf 88' lang='lat'>6,</span> <span class='ocrx_word' id='word_1_59' title='bbox 1236 1193 1287 1266; x_wconf 84' lang='lat'>42,</span> <span class='ocrx_word' id='word_1_60' title='bbox 1309 1194 1331 1255; x_wconf 99' lang='lat'>4</span> <span class='ocrx_word' id='word_1_61' title='bbox 1352 1195 1433 1256; x_wconf 86' lang='lat' dir='ltr'>Duru</span> 
     </span>
     <span class='ocr_line' id='line_1_7' title="bbox 172 1293 1434 1376; baseline 0.001 -20"><span class='ocrx_word' id='word_1_62' title='bbox 172 1341 182 1356; x_wconf 91' lang='lat'><em>.</em></span> <span class='ocrx_word' id='word_1_63' title='bbox 210 1342 218 1356; x_wconf 89' lang='lat'><strong>.</strong></span> <span class='ocrx_word' id='word_1_64' title='bbox 242 1341 249 1356; x_wconf 92' lang='lat'>.</span> <span class='ocrx_word' id='word_1_65' title='bbox 274 1294 397 1376; x_wconf 87' lang='lat' dir='ltr'>quietae</span> <span class='ocrx_word' id='word_1_66' title='bbox 421 1303 568 1357; x_wconf 86' lang='lat' dir='ltr'>externae</span> <span class='ocrx_word' id='word_1_67' title='bbox 591 1315 639 1357; x_wconf 89' lang='lat' dir='ltr'>res</span> <span class='ocrx_word' id='word_1_68' title='bbox 661 1295 811 1358; x_wconf 89' lang='lat' dir='ltr'>Romanis</span> <span class='ocrx_word' id='word_1_69' title='bbox 834 1304 948 1368; x_wconf 80' lang='lat' dir='ltr'>essent,</span> <span class='ocrx_word' id='word_1_70' title='bbox 979 1297 1064 1356; x_wconf 90' lang='lat' dir='ltr'>fama</span> <span class='ocrx_word' id='word_1_71' title='bbox 1092 1313 1203 1374; x_wconf 87' lang='lat' dir='ltr'>repens</span> <span class='ocrx_word' id='word_1_72' title='bbox 1223 1293 1295 1356; x_wconf 91' lang='lat' dir='ltr'>belli</span> <span class='ocrx_word' id='word_1_73' title='bbox 1319 1293 1434 1358; x_wconf 86' lang='lat' dir='ltr'>Gallici</span> 
     </span>
     <span class='ocr_line' id='line_1_8' title="bbox 175 1395 1434 1477; baseline 0.001 -20"><span class='ocrx_word' id='word_1_74' title='bbox 175 1395 279 1459; x_wconf 88' lang='lat' dir='ltr'>allata</span> <span class='ocrx_word' id='word_1_75' title='bbox 301 1396 438 1477; x_wconf 86' lang='lat' dir='ltr'>perpulit</span> <span class='ocrx_word' id='word_1_76' title='bbox 461 1395 630 1470; x_wconf 88' lang='lat' dir='ltr'>civitatem,</span> <span class='ocrx_word' id='word_1_77' title='bbox 655 1405 689 1459; x_wconf 92' lang='grc'>11</span> <span class='ocrx_word' id='word_1_78' title='bbox 712 1405 770 1458; x_wconf 85' lang='lat' dir='ltr'>oet.</span> <span class='ocrx_word' id='word_1_79' title='bbox 814 1397 849 1458; x_wconf 92' lang='lat' dir='ltr'>ln</span> <span class='ocrx_word' id='word_1_80' title='bbox 873 1396 999 1475; x_wconf 89' lang='lat' dir='ltr'>optimis</span> <span class='ocrx_word' id='word_1_81' title='bbox 1022 1397 1090 1458; x_wconf 91' lang='lat' dir='ltr'>odd.</span> <span class='ocrx_word' id='word_1_82' title='bbox 1114 1415 1172 1457; x_wconf 89' lang='lat' dir='ltr'>non</span> <span class='ocrx_word' id='word_1_83' title='bbox 1186 1395 1272 1469; x_wconf 84' lang='lat' dir='ltr'>dem,</span> <span class='ocrx_word' id='word_1_84' title='bbox 1295 1397 1349 1458; x_wconf 93' lang='lat' dir='ltr'>sed</span> <span class='ocrx_word' id='word_1_85' title='bbox 1364 1418 1434 1458; x_wconf 85' lang='lat' dir='ltr'>cem</span> 
     </span>
     <span class='ocr_line' id='line_1_9' title="bbox 173 1491 1434 1577; baseline 0.002 -19"><span class='ocrx_word' id='word_1_86' title='bbox 173 1497 247 1576; x_wconf 86' lang='lat' dir='ltr'>legi.</span> <span class='ocrx_word' id='word_1_87' title='bbox 293 1497 346 1560; x_wconf 87' lang='lat' dir='ltr'>Sic</span> <span class='ocrx_word' id='word_1_88' title='bbox 368 1497 461 1559; x_wconf 89' lang='lat' dir='ltr'>etiam</span> <span class='ocrx_word' id='word_1_89' title='bbox 485 1496 516 1570; x_wconf 89' lang='lat'>8,</span> <span class='ocrx_word' id='word_1_90' title='bbox 541 1492 589 1572; x_wconf 81' lang='lat'>17,</span> <span class='ocrx_word' id='word_1_91' title='bbox 612 1491 641 1570; x_wconf 80' lang='grc'>7,</span> <span class='ocrx_word' id='word_1_92' title='bbox 665 1498 716 1560; x_wconf 93' lang='lat' dir='ltr'>ubi</span> <span class='ocrx_word' id='word_1_93' title='bbox 740 1517 778 1559; x_wconf 88' lang='lat' dir='ltr'>ex</span> <span class='ocrx_word' id='word_1_94' title='bbox 800 1498 869 1559; x_wconf 91' lang='lat' dir='ltr'>edd.</span> <span class='ocrx_word' id='word_1_95' title='bbox 887 1497 1030 1558; x_wconf 85' lang='lat' dir='ltr'>Francof.</span> <span class='ocrx_word' id='word_1_96' title='bbox 1047 1497 1100 1558; x_wconf 91' lang='lat' dir='ltr'>diu</span> <span class='ocrx_word' id='word_1_97' title='bbox 1113 1497 1345 1577; x_wconf 86' lang='lat' dir='ltr'>propagabatur</span> <span class='ocrx_word' id='word_1_98' title='bbox 1357 1497 1434 1560; x_wconf 88' lang='lat' dir='ltr'>haec</span> 
     </span>
     <span class='ocr_line' id='line_1_10' title="bbox 175 1597 1433 1679; baseline 0.002 -21"><span class='ocrx_word' id='word_1_99' title='bbox 175 1597 347 1677; x_wconf 86' lang='lat' dir='ltr'>scriptura:</span> <span class='ocrx_word' id='word_1_100' title='bbox 382 1617 401 1658; x_wconf 97' lang='lat' dir='ltr'>a</span> <span class='ocrx_word' id='word_1_101' title='bbox 434 1597 544 1679; x_wconf 89' lang='lat' dir='ltr'>quibus</span> <span class='ocrx_word' id='word_1_102' title='bbox 578 1599 660 1660; x_wconf 92' lang='lat' dir='ltr'>dum</span> <span class='ocrx_word' id='word_1_103' title='bbox 692 1598 825 1660; x_wconf 89' lang='lat' dir='ltr'>dilectus</span> <span class='ocrx_word' id='word_1_104' title='bbox 847 1597 997 1659; x_wconf 90' lang='lat' dir='ltr'>intentius</span> <span class='ocrx_word' id='word_1_105' title='bbox 1020 1597 1197 1670; x_wconf 88' lang='lat' dir='ltr'>haberetur,</span> <span class='ocrx_word' id='word_1_106' title='bbox 1221 1597 1433 1676; x_wconf 88' lang='lat' dir='ltr'>exploratores</span> 
     </span>
     <span class='ocr_line' id='line_1_11' title="bbox 179 1697 1435 1779; baseline 0 -19"><span class='ocrx_word' id='word_1_107' title='bbox 179 1698 265 1760; x_wconf 88' lang='lat' dir='ltr'>missi</span> <span class='ocrx_word' id='word_1_108' title='bbox 289 1699 465 1762; x_wconf 92' lang='lat' dir='ltr'>attulerunt</span> <span class='ocrx_word' id='word_1_109' title='bbox 488 1707 545 1761; x_wconf 88' lang='lat' dir='ltr'>cet.</span> <span class='ocrx_word' id='word_1_110' title='bbox 592 1699 709 1762; x_wconf 81' lang='lat' dir='ltr'>Contra</span> <span class='ocrx_word' id='word_1_111' title='bbox 732 1699 800 1761; x_wconf 91' lang='lat' dir='ltr'>cdd.</span> <span class='ocrx_word' id='word_1_112' title='bbox 824 1699 937 1779; x_wconf 88' lang='lat' dir='ltr'>legitur</span> <span class='ocrx_word' id='word_1_113' title='bbox 957 1698 988 1760; x_wconf 94' lang='lat' dir='ltr'>in</span> <span class='ocrx_word' id='word_1_114' title='bbox 1013 1699 1082 1760; x_wconf 89' lang='lat' dir='ltr'>edd.</span> <span class='ocrx_word' id='word_1_115' title='bbox 1105 1699 1187 1778; x_wconf 91' lang='lat' dir='ltr'>Mog.</span> <span class='ocrx_word' id='word_1_116' title='bbox 1212 1697 1285 1760; x_wconf 92' lang='lat' dir='ltr'>Ald.</span> <span class='ocrx_word' id='word_1_117' title='bbox 1298 1698 1368 1760; x_wconf 91' lang='lat' dir='ltr'>aliis</span> <span class='ocrx_word' id='word_1_118' title='bbox 1383 1701 1435 1774; x_wconf 89' lang='grc'>21,</span> 
     </span>
     <span class='ocr_line' id='line_1_12' title="bbox 177 1798 1433 1879; baseline 0 -17"><span class='ocrx_word' id='word_1_119' title='bbox 177 1799 230 1872; x_wconf 90' lang='grc'>34,</span> <span class='ocrx_word' id='word_1_120' title='bbox 252 1798 272 1860; x_wconf 90' lang='lat'>8</span> <span class='ocrx_word' id='word_1_121' title='bbox 314 1799 395 1861; x_wconf 91' lang='lat' dir='ltr'>Nam</span> <span class='ocrx_word' id='word_1_122' title='bbox 420 1801 492 1862; x_wconf 88' lang='lat' dir='ltr'>dum</span> <span class='ocrx_word' id='word_1_123' title='bbox 513 1808 711 1862; x_wconf 84' lang='lat' dir='ltr'>cunctaretur</span> <span class='ocrx_word' id='word_1_124' title='bbox 732 1800 891 1862; x_wconf 89' lang='lat' dir='ltr'>Hannibal</span> <span class='ocrx_word' id='word_1_125' title='bbox 911 1799 1075 1862; x_wconf 85' lang='lat' dir='ltr'>demittere</span> <span class='ocrx_word' id='word_1_126' title='bbox 1090 1818 1199 1879; x_wconf 85' lang='lat' dir='ltr'>agmen</span> <span class='ocrx_word' id='word_1_127' title='bbox 1213 1799 1244 1860; x_wconf 91' lang='lat' dir='ltr'>in</span> <span class='ocrx_word' id='word_1_128' title='bbox 1261 1799 1433 1879; x_wconf 86' lang='lat' dir='ltr'>angustias,</span> 
     </span>
     <span class='ocr_line' id='line_1_13' title="bbox 177 1898 1433 1982; baseline 0 -20"><span class='ocrx_word' id='word_1_129' title='bbox 177 1901 380 1962; x_wconf 90' lang='lat' dir='ltr'>...montani</span> <span class='ocrx_word' id='word_1_130' title='bbox 404 1900 484 1962; x_wconf 91' lang='lat' dir='ltr'>viam</span> <span class='ocrx_word' id='word_1_131' title='bbox 508 1901 659 1963; x_wconf 90' lang='lat' dir='ltr'>insedere.</span> <span class='ocrx_word' id='word_1_132' title='bbox 702 1902 753 1963; x_wconf 83' lang='lat' dir='ltr'>Ex</span> <span class='ocrx_word' id='word_1_133' title='bbox 776 1901 840 1962; x_wconf 90' lang='lat' dir='ltr'>cod.</span> <span class='ocrx_word' id='word_1_134' title='bbox 864 1901 947 1981; x_wconf 89' lang='lat' dir='ltr'>Mog.</span> <span class='ocrx_word' id='word_1_135' title='bbox 971 1901 1070 1962; x_wconf 88' lang='lat' dir='ltr'>fertur</span> <span class='ocrx_word' id='word_1_136' title='bbox 1092 1899 1142 1972; x_wconf 87' lang='lat'>34,</span> <span class='ocrx_word' id='word_1_137' title='bbox 1165 1898 1247 1972; x_wconf 85' lang='lat'>40,5</span> <span class='ocrx_word' id='word_1_138' title='bbox 1270 1899 1351 1962; x_wconf 93' lang='lat' dir='ltr'>Dum</span> <span class='ocrx_word' id='word_1_139' title='bbox 1376 1920 1433 1982; x_wconf 92' lang='lat' dir='ltr'>op-</span> 
     </span>
     <span class='ocr_line' id='line_1_14' title="bbox 176 1999 1433 2084; baseline 0.002 -22"><span class='ocrx_word' id='word_1_140' title='bbox 176 2010 352 2082; x_wconf 87' lang='lat' dir='ltr'>pugnarent</span> <span class='ocrx_word' id='word_1_141' title='bbox 385 2010 562 2084; x_wconf 87' lang='lat' dir='ltr'>tyrannum,</span> <span class='ocrx_word' id='word_1_142' title='bbox 596 1999 705 2082; x_wconf 90' lang='lat' dir='ltr'>Argivi</span> <span class='ocrx_word' id='word_1_143' title='bbox 730 2048 737 2062; x_wconf 92' lang='lat'><strong>.</strong></span> <span class='ocrx_word' id='word_1_144' title='bbox 762 2048 769 2062; x_wconf 86' lang='lat'><strong>.</strong></span> <span class='ocrx_word' id='word_1_145' title='bbox 793 2049 799 2062; x_wconf 92' lang='lat'><em>.</em></span> <span class='ocrx_word' id='word_1_146' title='bbox 823 2001 1011 2081; x_wconf 89' lang='lat' dir='ltr'>praesidium</span> <span class='ocrx_word' id='word_1_147' title='bbox 1042 2001 1237 2081; x_wconf 83' lang='lat' dir='ltr'>expulerunt.</span> <span class='ocrx_word' id='word_1_148' title='bbox 1283 2001 1433 2064; x_wconf 85' lang='lat' dir='ltr'>Scribunt</span> 
     </span>
     <span class='ocr_line' id='line_1_15' title="bbox 176 2100 1434 2184; baseline 0 -20"><span class='ocrx_word' id='word_1_149' title='bbox 176 2100 269 2164; x_wconf 92' lang='lat' dir='ltr'>hodie</span> <span class='ocrx_word' id='word_1_150' title='bbox 292 2102 373 2164; x_wconf 89' lang='lat' dir='ltr'>Dum</span> <span class='ocrx_word' id='word_1_151' title='bbox 397 2111 595 2182; x_wconf 88' lang='lat' dir='ltr'>oppugnatur</span> <span class='ocrx_word' id='word_1_152' title='bbox 617 2110 778 2184; x_wconf 89' lang='lat' dir='ltr'>tyrannus.</span> <span class='ocrx_word' id='word_1_153' title='bbox 823 2103 952 2182; x_wconf 86' lang='lat' dir='ltr'>Ignotae</span> <span class='ocrx_word' id='word_1_154' title='bbox 975 2101 1100 2182; x_wconf 90' lang='lat' dir='ltr'>originis</span> <span class='ocrx_word' id='word_1_155' title='bbox 1124 2109 1172 2163; x_wconf 86' lang='lat' dir='ltr'>ast</span> <span class='ocrx_word' id='word_1_156' title='bbox 1194 2100 1285 2163; x_wconf 88' lang='lat' dir='ltr'>lectio</span> <span class='ocrx_word' id='word_1_157' title='bbox 1304 2102 1434 2182; x_wconf 91' lang='lat' dir='ltr'>antiqua</span> 
     </span>
     <span class='ocr_line' id='line_1_16' title="bbox 178 2201 1435 2284; baseline 0 -20"><span class='ocrx_word' id='word_1_158' title='bbox 178 2203 229 2276; x_wconf 89' lang='grc'>35,</span> <span class='ocrx_word' id='word_1_159' title='bbox 252 2201 283 2277; x_wconf 91' lang='lat'>8,</span> <span class='ocrx_word' id='word_1_160' title='bbox 308 2205 321 2266; x_wconf 99' lang='grc'>1</span> <span class='ocrx_word' id='word_1_161' title='bbox 347 2203 429 2264; x_wconf 93' lang='lat' dir='ltr'>Dum</span> <span class='ocrx_word' id='word_1_162' title='bbox 453 2203 531 2265; x_wconf 91' lang='lat' dir='ltr'>haec</span> <span class='ocrx_word' id='word_1_163' title='bbox 553 2203 584 2265; x_wconf 91' lang='lat' dir='ltr'>iu</span> <span class='ocrx_word' id='word_1_164' title='bbox 607 2203 760 2282; x_wconf 88' lang='lat' dir='ltr'>Hispania</span> <span class='ocrx_word' id='word_1_165' title='bbox 784 2211 959 2284; x_wconf 85' lang='lat' dir='ltr'>agerentur,</span> <span class='ocrx_word' id='word_1_166' title='bbox 982 2202 1173 2264; x_wconf 92' lang='lat' dir='ltr'>comitiorum</span> <span class='ocrx_word' id='word_1_167' title='bbox 1187 2201 1248 2262; x_wconf 92' lang='lat' dir='ltr'>iam</span> <span class='ocrx_word' id='word_1_168' title='bbox 1263 2202 1435 2282; x_wconf 89' lang='lat' dir='ltr'>adpetebat</span> 
     </span>
     <span class='ocr_line' id='line_1_17' title="bbox 178 2303 1406 2383; baseline -0.001 -18"><span class='ocrx_word' id='word_1_169' title='bbox 178 2303 253 2366; x_wconf 92' lang='lat' dir='ltr'>dies.</span> <span class='ocrx_word' id='word_1_170' title='bbox 297 2304 497 2368; x_wconf 89' lang='lat' dir='ltr'>Recentiores</span> <span class='ocrx_word' id='word_1_171' title='bbox 520 2304 686 2366; x_wconf 89' lang='lat' dir='ltr'>secundum</span> <span class='ocrx_word' id='word_1_172' title='bbox 713 2305 796 2366; x_wconf 82' lang='lat' dir='ltr'>cdd:</span> <span class='ocrx_word' id='word_1_173' title='bbox 821 2303 897 2366; x_wconf 85' lang='lat' dir='ltr'>Cum</span> <span class='ocrx_word' id='word_1_174' title='bbox 921 2303 999 2364; x_wconf 89' lang='lat' dir='ltr'>haec</span> <span class='ocrx_word' id='word_1_175' title='bbox 1020 2303 1051 2364; x_wconf 94' lang='lat' dir='ltr'>in</span> <span class='ocrx_word' id='word_1_176' title='bbox 1074 2303 1114 2366; x_wconf 92' lang='grc' dir='ltr'>Η.</span> <span class='ocrx_word' id='word_1_177' title='bbox 1138 2304 1325 2383; x_wconf 88' lang='lat' dir='ltr'>gerebantur</span> <span class='ocrx_word' id='word_1_178' title='bbox 1348 2311 1406 2366; x_wconf 91' lang='lat' dir='ltr'>cet.</span> 
     </span>
     <span class='ocr_line' id='line_1_18' title="bbox 261 2401 1433 2486; baseline 0 -20"><span class='ocrx_word' id='word_1_179' title='bbox 261 2403 368 2468; x_wconf 93' lang='lat' dir='ltr'>Iustus</span> <span class='ocrx_word' id='word_1_180' title='bbox 391 2413 439 2466; x_wconf 91' lang='lat' dir='ltr'>est</span> <span class='ocrx_word' id='word_1_181' title='bbox 463 2405 649 2468; x_wconf 88' lang='lat' dir='ltr'>coniunctivi</span> <span class='ocrx_word' id='word_1_182' title='bbox 672 2404 845 2485; x_wconf 85' lang='lat' dir='ltr'>imperfecti</span> <span class='ocrx_word' id='word_1_183' title='bbox 869 2401 1039 2486; x_wconf 84' lang='lat' dir='ltr'>(interdum</span> <span class='ocrx_word' id='word_1_184' title='bbox 1064 2401 1254 2485; x_wconf 86' lang='lat' dir='ltr'>praesentis)</span> <span class='ocrx_word' id='word_1_185' title='bbox 1266 2403 1296 2464; x_wconf 94' lang='lat' dir='ltr'>in</span> <span class='ocrx_word' id='word_1_186' title='bbox 1311 2403 1433 2485; x_wconf 90' lang='lat' dir='ltr'>oblique</span> 
     </span>
     <span class='ocr_line' id='line_1_19' title="bbox 177 2503 1433 2586; baseline -0.001 -19"><span class='ocrx_word' id='word_1_187' title='bbox 177 2505 280 2577; x_wconf 90' lang='lat' dir='ltr'>dictis,</span> <span class='ocrx_word' id='word_1_188' title='bbox 303 2507 329 2567; x_wconf 94' lang='lat' dir='ltr'>si</span> <span class='ocrx_word' id='word_1_189' title='bbox 353 2505 425 2586; x_wconf 93' lang='lat' dir='ltr'>quid</span> <span class='ocrx_word' id='word_1_190' title='bbox 450 2514 485 2568; x_wconf 95' lang='lat' dir='ltr'>ut</span> <span class='ocrx_word' id='word_1_191' title='bbox 508 2506 654 2586; x_wconf 91' lang='lat' dir='ltr'>cogitatio</span> <span class='ocrx_word' id='word_1_192' title='bbox 678 2505 758 2567; x_wconf 87' lang='lat' dir='ltr'>alius</span> <span class='ocrx_word' id='word_1_193' title='bbox 782 2504 922 2578; x_wconf 91' lang='lat' dir='ltr'>alicuius,</span> <span class='ocrx_word' id='word_1_194' title='bbox 946 2505 997 2584; x_wconf 94' lang='lat' dir='ltr'>qui</span> <span class='ocrx_word' id='word_1_195' title='bbox 1021 2524 1075 2584; x_wconf 90' lang='lat' dir='ltr'>pro</span> <span class='ocrx_word' id='word_1_196' title='bbox 1098 2503 1237 2566; x_wconf 91' lang='lat' dir='ltr'>subiecto</span> <span class='ocrx_word' id='word_1_197' title='bbox 1256 2504 1433 2568; x_wconf 90' lang='lat' dir='ltr'>nominatus</span> 
     </span>
     <span class='ocr_line' id='line_1_20' title="bbox 176 2604 1432 2686; baseline 0 -20"><span class='ocrx_word' id='word_1_198' title='bbox 176 2615 235 2679; x_wconf 89' lang='lat' dir='ltr'>est,</span> <span class='ocrx_word' id='word_1_199' title='bbox 258 2606 449 2679; x_wconf 87' lang='lat' dir='ltr'>enuntiatur,</span> <span class='ocrx_word' id='word_1_200' title='bbox 471 2626 540 2668; x_wconf 90' lang='lat' dir='ltr'>raro</span> <span class='ocrx_word' id='word_1_201' title='bbox 563 2615 668 2668; x_wconf 89' lang='lat' dir='ltr'>tamen</span> <span class='ocrx_word' id='word_1_202' title='bbox 693 2627 711 2667; x_wconf 88' lang='lat' dir='ltr'>e</span> <span class='ocrx_word' id='word_1_203' title='bbox 735 2606 850 2668; x_wconf 91' lang='lat' dir='ltr'>criticis</span> <span class='ocrx_word' id='word_1_204' title='bbox 874 2605 1057 2686; x_wconf 90' lang='lat' dir='ltr'>quibusdam</span> <span class='ocrx_word' id='word_1_205' title='bbox 1083 2605 1240 2666; x_wconf 91' lang='lat' dir='ltr'>veteribus</span> <span class='ocrx_word' id='word_1_206' title='bbox 1253 2604 1318 2666; x_wconf 91' lang='lat' dir='ltr'>sine</span> <span class='ocrx_word' id='word_1_207' title='bbox 1331 2605 1432 2666; x_wconf 88' lang='lat' dir='ltr'>anim-</span> 
     </span>
     <span class='ocr_line' id='line_1_21' title="bbox 177 2704 1431 2789; baseline 0.001 -22"><span class='ocrx_word' id='word_1_208' title='bbox 177 2709 359 2770; x_wconf 88' lang='lat' dir='ltr'>adversione</span> <span class='ocrx_word' id='word_1_209' title='bbox 381 2707 518 2770; x_wconf 88' lang='lat' dir='ltr'>relictus.</span> <span class='ocrx_word' id='word_1_210' title='bbox 552 2708 601 2777; x_wconf 93' lang='grc'>21,</span> <span class='ocrx_word' id='word_1_211' title='bbox 625 2709 675 2781; x_wconf 91' lang='grc'>21,</span> <span class='ocrx_word' id='word_1_212' title='bbox 701 2709 739 2770; x_wconf 87' lang='grc'>10</span> <span class='ocrx_word' id='word_1_213' title='bbox 767 2707 906 2787; x_wconf 85' lang='lat' dir='ltr'>partiens</span> <span class='ocrx_word' id='word_1_214' title='bbox 929 2726 1018 2768; x_wconf 90' lang='lat' dir='ltr'>curas</span> <span class='ocrx_word' id='word_1_215' title='bbox 1041 2704 1243 2789; x_wconf 87' lang='lat' dir='ltr'>(Hannibal),</span> <span class='ocrx_word' id='word_1_216' title='bbox 1277 2726 1325 2779; x_wconf 91' lang='lat' dir='ltr'>ne,</span> <span class='ocrx_word' id='word_1_217' title='bbox 1360 2707 1431 2768; x_wconf 89' lang='lat' dir='ltr'>dum</span> 
     </span>
     <span class='ocr_line' id='line_1_22' title="bbox 173 2807 1432 2889; baseline 0.002 -21"><span class='ocrx_word' id='word_1_218' title='bbox 173 2808 452 2888; x_wconf 83' lang='lat' dir='ltr'>ipsc..1taliam</span> <span class='ocrx_word' id='word_1_219' title='bbox 477 2816 608 2888; x_wconf 91' lang='lat' dir='ltr'>peteret,</span> <span class='ocrx_word' id='word_1_220' title='bbox 642 2817 752 2889; x_wconf 84' lang='lat' dir='ltr'>aperta</span> <span class='ocrx_word' id='word_1_221' title='bbox 780 2807 930 2870; x_wconf 88' lang='lat' dir='ltr'>Romanis</span> <span class='ocrx_word' id='word_1_222' title='bbox 960 2807 1069 2868; x_wconf 87' lang='lat' dir='ltr'>Africa</span> <span class='ocrx_word' id='word_1_223' title='bbox 1098 2814 1191 2879; x_wconf 88' lang='lat' dir='ltr'>esset,</span> <span class='ocrx_word' id='word_1_224' title='bbox 1213 2807 1316 2868; x_wconf 91' lang='lat' dir='ltr'>valido</span> <span class='ocrx_word' id='word_1_225' title='bbox 1340 2827 1432 2887; x_wconf 90' lang='lat' dir='ltr'>prae-</span> 
     </span>
     <span class='ocr_line' id='line_1_23' title="bbox 175 2907 1431 2992; baseline 0.002 -22"><span class='ocrx_word' id='word_1_226' title='bbox 175 2908 254 2972; x_wconf 86' lang='lat' dir='ltr'>sidio</span> <span class='ocrx_word' id='word_1_227' title='bbox 276 2911 399 2972; x_wconf 87' lang='lat' dir='ltr'>firmare</span> <span class='ocrx_word' id='word_1_228' title='bbox 422 2929 489 2972; x_wconf 90' lang='lat' dir='ltr'>eam</span> <span class='ocrx_word' id='word_1_229' title='bbox 513 2909 638 2972; x_wconf 90' lang='grc'>1111111.</span> <span class='ocrx_word' id='word_1_230' title='bbox 682 2910 760 2972; x_wconf 87' lang='lat' dir='ltr'>»Vel</span> <span class='ocrx_word' id='word_1_231' title='bbox 784 2909 859 2971; x_wconf 84' lang='lat' dir='ltr'>dom</span> <span class='ocrx_word' id='word_1_232' title='bbox 876 2909 985 2992; x_wconf 80' lang='lat' dir='ltr'>petit»,</span> <span class='ocrx_word' id='word_1_233' title='bbox 1007 2908 1162 2990; x_wconf 91' lang='lat' dir='ltr'>inquiunt,</span> <span class='ocrx_word' id='word_1_234' title='bbox 1195 2907 1431 2992; x_wconf 69' lang='grc'>1111111111-</span> 
     </span>
     <span class='ocr_line' id='line_1_24' title="bbox 174 3008 1431 3090; baseline 0.002 -20"><span class='ocrx_word' id='word_1_235' title='bbox 174 3020 251 3071; x_wconf 82' lang='lat' dir='ltr'>teret</span> <span class='ocrx_word' id='word_1_236' title='bbox 272 3011 434 3090; x_wconf 86' lang='lat' dir='ltr'>legendum</span> <span class='ocrx_word' id='word_1_237' title='bbox 458 3011 608 3072; x_wconf 84' lang='lat' dir='ltr'>videtur».</span> <span class='ocrx_word' id='word_1_238' title='bbox 653 3010 778 3072; x_wconf 89' lang='lat' dir='ltr'>Similes</span> <span class='ocrx_word' id='word_1_239' title='bbox 802 3009 1055 3090; x_wconf 88' lang='lat' dir='ltr'>reprehensiones</span> <span class='ocrx_word' id='word_1_240' title='bbox 1077 3010 1108 3070; x_wconf 91' lang='lat' dir='ltr'>io</span> <span class='ocrx_word' id='word_1_241' title='bbox 1132 3008 1179 3082; x_wconf 92' lang='lat' dir='ltr'>iis,</span> <span class='ocrx_word' id='word_1_242' title='bbox 1199 3028 1278 3089; x_wconf 89' lang='lat' dir='ltr'>quae</span> <span class='ocrx_word' id='word_1_243' title='bbox 1294 3029 1431 3089; x_wconf 88' lang='lat' dir='ltr'>sequun-</span> 
     </span>
     <span class='ocr_line' id='line_1_25' title="bbox 176 3108 1432 3191; baseline 0 -19"><span class='ocrx_word' id='word_1_244' title='bbox 176 3121 238 3184; x_wconf 86' lang='lat' dir='ltr'>tur,</span> <span class='ocrx_word' id='word_1_245' title='bbox 261 3113 411 3191; x_wconf 84' lang='lat' dir='ltr'>exemplis</span> <span class='ocrx_word' id='word_1_246' title='bbox 434 3111 587 3174; x_wconf 91' lang='lat' dir='ltr'>inutiliter</span> <span class='ocrx_word' id='word_1_247' title='bbox 610 3111 724 3190; x_wconf 90' lang='lat' dir='ltr'>repetit</span> <span class='ocrx_word' id='word_1_248' title='bbox 747 3110 980 3174; x_wconf 84' lang='lat' dir='ltr'>Drakenborch.</span> <span class='ocrx_word' id='word_1_249' title='bbox 1003 3111 1054 3182; x_wconf 89' lang='grc'>31,</span> <span class='ocrx_word' id='word_1_250' title='bbox 1076 3109 1128 3183; x_wconf 88' lang='grc'>26,</span> <span class='ocrx_word' id='word_1_251' title='bbox 1150 3108 1170 3170; x_wconf 90' lang='grc'><strong>6</strong></span> <span class='ocrx_word' id='word_1_252' title='bbox 1193 3129 1327 3172; x_wconf 89' lang='lat' dir='ltr'>rexcum</span> <span class='ocrx_word' id='word_1_253' title='bbox 1342 3118 1432 3190; x_wconf 89' lang='lat' dir='ltr'>parte</span> 
     </span>
     <span class='ocr_line' id='line_1_26' title="bbox 174 3211 1430 3292; baseline -0.001 -19"><span class='ocrx_word' id='word_1_254' title='bbox 174 3211 343 3274; x_wconf 88' lang='lat' dir='ltr'>Philoclem</span> <span class='ocrx_word' id='word_1_255' title='bbox 368 3213 512 3275; x_wconf 85' lang='lat' dir='ltr'>Athenas</span> <span class='ocrx_word' id='word_1_256' title='bbox 535 3212 644 3285; x_wconf 91' lang='lat' dir='ltr'>mittit,</span> <span class='ocrx_word' id='word_1_257' title='bbox 668 3231 735 3274; x_wconf 90' lang='lat' dir='ltr'>cum</span> <span class='ocrx_word' id='word_1_258' title='bbox 759 3224 848 3292; x_wconf 87' lang='lat' dir='ltr'>parte</span> <span class='ocrx_word' id='word_1_259' title='bbox 871 3211 1015 3272; x_wconf 91' lang='lat' dir='ltr'>Piraeum</span> <span class='ocrx_word' id='word_1_260' title='bbox 1040 3211 1151 3292; x_wconf 90' lang='lat' dir='ltr'>pergit,</span> <span class='ocrx_word' id='word_1_261' title='bbox 1184 3219 1230 3284; x_wconf 90' lang='lat' dir='ltr'>nt,</span> <span class='ocrx_word' id='word_1_262' title='bbox 1257 3212 1329 3272; x_wconf 91' lang='lat' dir='ltr'>dum</span> <span class='ocrx_word' id='word_1_263' title='bbox 1353 3211 1430 3272; x_wconf 89' lang='lat' dir='ltr'>Phi-</span> 
     </span>
     <span class='ocr_line' id='line_1_27' title="bbox 175 3311 1429 3392; baseline -0.001 -19"><span class='ocrx_word' id='word_1_264' title='bbox 175 3313 268 3374; x_wconf 89' lang='lat' dir='ltr'>locles</span> <span class='ocrx_word' id='word_1_265' title='bbox 292 3358 299 3373; x_wconf 90' lang='lat'><strong>.</strong></span> <span class='ocrx_word' id='word_1_266' title='bbox 323 3359 330 3374; x_wconf 92' lang='lat'>.</span> <span class='ocrx_word' id='word_1_267' title='bbox 355 3359 362 3375; x_wconf 91' lang='lat'><strong>.</strong></span> <span class='ocrx_word' id='word_1_268' title='bbox 387 3313 559 3376; x_wconf 87' lang='lat' dir='ltr'>contineret</span> <span class='ocrx_word' id='word_1_269' title='bbox 593 3313 667 3374; x_wconf 88' lang='lat' dir='ltr'>urbe</span> <span class='ocrx_word' id='word_1_270' title='bbox 700 3313 922 3384; x_wconf 85' lang='lat' dir='ltr'>Athenienses,</span> <span class='ocrx_word' id='word_1_271' title='bbox 955 3312 1013 3391; x_wconf 93' lang='lat' dir='ltr'>ipsi</span> <span class='ocrx_word' id='word_1_272' title='bbox 1050 3311 1193 3374; x_wconf 88' lang='lat' dir='ltr'>Piraeum</span> <span class='ocrx_word' id='word_1_273' title='bbox 1233 3311 1429 3392; x_wconf 85' lang='lat' dir='ltr'>expugnandi</span> 
     </span>
     <span class='ocr_line' id='line_1_28' title="bbox 175 3408 1430 3491; baseline 0 -17"><span class='ocrx_word' id='word_1_274' title='bbox 175 3413 310 3476; x_wconf 87' lang='lat' dir='ltr'>lacultas</span> <span class='ocrx_word' id='word_1_275' title='bbox 333 3423 426 3477; x_wconf 89' lang='lat' dir='ltr'>esset.</span> <span class='ocrx_word' id='word_1_276' title='bbox 449 3408 500 3488; x_wconf 84' lang='lat'>37,</span> <span class='ocrx_word' id='word_1_277' title='bbox 526 3413 574 3487; x_wconf 92' lang='grc'>18,</span> <span class='ocrx_word' id='word_1_278' title='bbox 597 3416 617 3476; x_wconf 93' lang='grc'>2</span> <span class='ocrx_word' id='word_1_279' title='bbox 639 3414 789 3477; x_wconf 82' lang='lat' dir='ltr'>Seleucus</span> <span class='ocrx_word' id='word_1_280' title='bbox 813 3459 821 3474; x_wconf 88' lang='lat'><strong>.</strong></span> <span class='ocrx_word' id='word_1_281' title='bbox 844 3458 852 3473; x_wconf 89' lang='lat'><strong>.</strong></span> <span class='ocrx_word' id='word_1_282' title='bbox 873 3460 879 3474; x_wconf 93' lang='lat'>.</span> <span class='ocrx_word' id='word_1_283' title='bbox 903 3412 1037 3474; x_wconf 87' lang='lat' dir='ltr'>transire</span> <span class='ocrx_word' id='word_1_284' title='bbox 1060 3413 1090 3476; x_wconf 90' lang='lat' dir='ltr'>in</span> <span class='ocrx_word' id='word_1_285' title='bbox 1113 3413 1191 3474; x_wconf 87' lang='lat' dir='ltr'>fines</span> <span class='ocrx_word' id='word_1_286' title='bbox 1212 3412 1430 3491; x_wconf 61' lang='grc'>1111111111-</span> 
     </span>
     <span class='ocr_line' id='line_1_29' title="bbox 175 3513 1430 3595; baseline -0.002 -19"><span class='ocrx_word' id='word_1_287' title='bbox 175 3515 233 3588; x_wconf 91' lang='lat' dir='ltr'>nis,</span> <span class='ocrx_word' id='word_1_288' title='bbox 266 3516 338 3580; x_wconf 90' lang='lat' dir='ltr'>dum</span> <span class='ocrx_word' id='word_1_289' title='bbox 372 3516 399 3576; x_wconf 90' lang='lat' dir='ltr'>is</span> <span class='ocrx_word' id='word_1_290' title='bbox 433 3516 536 3594; x_wconf 90' lang='lat' dir='ltr'>procul</span> <span class='ocrx_word' id='word_1_291' title='bbox 572 3515 611 3578; x_wconf 91' lang='lat' dir='ltr'>ab</span> <span class='ocrx_word' id='word_1_292' title='bbox 645 3516 735 3578; x_wconf 91' lang='lat' dir='ltr'>domo</span> <span class='ocrx_word' id='word_1_293' title='bbox 762 3515 878 3595; x_wconf 88' lang='lat' dir='ltr'>Lyciae</span> <span class='ocrx_word' id='word_1_294' title='bbox 901 3513 1059 3577; x_wconf 83' lang='lat' dir='ltr'>oraritima</span> <span class='ocrx_word' id='word_1_295' title='bbox 1081 3521 1284 3592; x_wconf 87' lang='lat' dir='ltr'>oppugnaret,</span> <span class='ocrx_word' id='word_1_296' title='bbox 1307 3513 1430 3576; x_wconf 85' lang='lat' dir='ltr'>statuit.</span> 
     </span>
     <span class='ocr_line' id='line_1_30' title="bbox 174 3613 1430 3694; baseline 0 -18"><span class='ocrx_word' id='word_1_297' title='bbox 174 3615 226 3688; x_wconf 88' lang='grc'>45,</span> <span class='ocrx_word' id='word_1_298' title='bbox 248 3614 278 3689; x_wconf 90' lang='lat'>6,</span> <span class='ocrx_word' id='word_1_299' title='bbox 300 3616 319 3677; x_wconf 82' lang='lat'><strong>5</strong></span> <span class='ocrx_word' id='word_1_300' title='bbox 343 3624 464 3678; x_wconf 87' lang='lat' dir='ltr'>tanturn</span> <span class='ocrx_word' id='word_1_301' title='bbox 490 3623 638 3690; x_wconf 89' lang='lat' dir='ltr'>moratus,</span> <span class='ocrx_word' id='word_1_302' title='bbox 661 3617 733 3678; x_wconf 89' lang='lat' dir='ltr'>dum</span> <span class='ocrx_word' id='word_1_303' title='bbox 768 3615 899 3694; x_wconf 90' lang='lat' dir='ltr'>pecunia</span> <span class='ocrx_word' id='word_1_304' title='bbox 928 3615 1110 3676; x_wconf 78' lang='lat' dir='ltr'>deferretur.</span> <span class='ocrx_word' id='word_1_305' title='bbox 1133 3613 1184 3686; x_wconf 92' lang='grc'>45,</span> <span class='ocrx_word' id='word_1_306' title='bbox 1210 3615 1257 3686; x_wconf 89' lang='grc'>11,</span> <span class='ocrx_word' id='word_1_307' title='bbox 1279 3615 1299 3674; x_wconf 88' lang='grc'>2</span> <span class='ocrx_word' id='word_1_308' title='bbox 1322 3614 1430 3678; x_wconf 86' lang='grc' dir='ltr'>Ρ1111-</span> 
     </span>
     <span class='ocr_line' id='line_1_31' title="bbox 176 3714 1430 3790; baseline 0.001 -13"><span class='ocrx_word' id='word_1_309' title='bbox 176 3735 292 3790; x_wconf 87' lang='lat' dir='ltr'>maeus,</span> <span class='ocrx_word' id='word_1_310' title='bbox 326 3718 397 3779; x_wconf 93' lang='lat' dir='ltr'>dum</span> <span class='ocrx_word' id='word_1_311' title='bbox 435 3717 635 3778; x_wconf 88' lang='lat' dir='ltr'>conterritum</span> <span class='ocrx_word' id='word_1_312' title='bbox 668 3716 836 3778; x_wconf 91' lang='lat' dir='ltr'>obsidionis</span> <span class='ocrx_word' id='word_1_313' title='bbox 860 3723 943 3778; x_wconf 90' lang='lat' dir='ltr'>metu</span> <span class='ocrx_word' id='word_1_314' title='bbox 968 3715 1113 3778; x_wconf 86' lang='lat' dir='ltr'>minorem</span> <span class='ocrx_word' id='word_1_315' title='bbox 1139 3717 1265 3777; x_wconf 86' lang='grc'>11111111</span> <span class='ocrx_word' id='word_1_316' title='bbox 1290 3714 1430 3788; x_wconf 89' lang='lat' dir='ltr'>haberet,</span> 
     </span>
     <span class='ocr_line' id='line_1_32' title="bbox 175 3815 1430 3898; baseline 0 -20"><span class='ocrx_word' id='word_1_317' title='bbox 175 3837 266 3897; x_wconf 86' lang='lat' dir='ltr'>posse</span> <span class='ocrx_word' id='word_1_318' title='bbox 289 3837 322 3878; x_wconf 92' lang='grc'>11</span> <span class='ocrx_word' id='word_1_319' title='bbox 345 3818 439 3898; x_wconf 91' lang='lat' dir='ltr'>recipi</span> <span class='ocrx_word' id='word_1_320' title='bbox 464 3863 491 3878; x_wconf 90' lang='lat'>..</span> <span class='ocrx_word' id='word_1_321' title='bbox 515 3825 602 3878; x_wconf 87' lang='lat' dir='ltr'>ratus</span> <span class='ocrx_word' id='word_1_322' title='bbox 699 3837 758 3880; x_wconf 94' lang='lat' dir='ltr'>non</span> <span class='ocrx_word' id='word_1_323' title='bbox 782 3817 915 3880; x_wconf 89' lang='lat' dir='ltr'>destitit.</span> <span class='ocrx_word' id='word_1_324' title='bbox 934 3816 985 3888; x_wconf 91' lang='grc'>24,</span> <span class='ocrx_word' id='word_1_325' title='bbox 1007 3815 1059 3889; x_wconf 92' lang='grc'>24,</span> <span class='ocrx_word' id='word_1_326' title='bbox 1082 3818 1101 3876; x_wconf 92' lang='grc'>2</span> <span class='ocrx_word' id='word_1_327' title='bbox 1125 3817 1225 3878; x_wconf 82' lang='lat' dir='ltr'>fessus</span> <span class='ocrx_word' id='word_1_328' title='bbox 1248 3817 1352 3878; x_wconf 83' lang='lat' dir='ltr'>uxoris</span> <span class='ocrx_word' id='word_1_329' title='bbox 1375 3837 1430 3878; x_wconf 90' lang='lat' dir='ltr'>vo-</span> 
     </span>
     <span class='ocr_line' id='line_1_33' title="bbox 176 3916 1430 3996; baseline 0 -16"><span class='ocrx_word' id='word_1_330' title='bbox 176 3919 262 3980; x_wconf 91' lang='lat' dir='ltr'>cibus</span> <span class='ocrx_word' id='word_1_331' title='bbox 286 3920 449 3992; x_wconf 89' lang='lat' dir='ltr'>mouentis‚</span> <span class='ocrx_word' id='word_1_332' title='bbox 484 3938 565 3980; x_wconf 90' lang='lat' dir='ltr'>nunc</span> <span class='ocrx_word' id='word_1_333' title='bbox 592 3919 668 3982; x_wconf 92' lang='lat' dir='ltr'>illud</span> <span class='ocrx_word' id='word_1_334' title='bbox 692 3939 760 3981; x_wconf 88' lang='lat' dir='ltr'>esse</span> <span class='ocrx_word' id='word_1_335' title='bbox 782 3927 906 3996; x_wconf 87' lang='lat' dir='ltr'>tempus</span> <span class='ocrx_word' id='word_1_336' title='bbox 928 3916 1099 3996; x_wconf 89' lang='lat' dir='ltr'>occupandi</span> <span class='ocrx_word' id='word_1_337' title='bbox 1122 3936 1182 3989; x_wconf 90' lang='lat' dir='ltr'>res,</span> <span class='ocrx_word' id='word_1_338' title='bbox 1205 3918 1277 3980; x_wconf 88' lang='lat' dir='ltr'>dum</span> <span class='ocrx_word' id='word_1_339' title='bbox 1302 3918 1430 3980; x_wconf 90' lang='lat' dir='ltr'>turbata</span> 
     </span>
     <span class='ocr_line' id='line_1_34' title="bbox 175 4018 1428 4092; baseline -0.002 -12"><span class='ocrx_word' id='word_1_340' title='bbox 175 4020 308 4082; x_wconf 89' lang='lat' dir='ltr'>omnia.</span> <span class='ocrx_word' id='word_1_341' title='bbox 333 4067 339 4080; x_wconf 93' lang='lat'><em>.</em></span> <span class='ocrx_word' id='word_1_342' title='bbox 364 4029 479 4092; x_wconf 91' lang='lat' dir='ltr'>essent,</span> <span class='ocrx_word' id='word_1_343' title='bbox 502 4021 574 4082; x_wconf 93' lang='lat' dir='ltr'>dum</span> <span class='ocrx_word' id='word_1_344' title='bbox 598 4066 607 4081; x_wconf 89' lang='lat'><strong>.</strong></span> <span class='ocrx_word' id='word_1_345' title='bbox 630 4067 636 4080; x_wconf 94' lang='lat'><em>.</em></span> <span class='ocrx_word' id='word_1_346' title='bbox 661 4021 878 4082; x_wconf 88' lang='lat' dir='ltr'>obversaretur</span> <span class='ocrx_word' id='word_1_347' title='bbox 901 4018 1000 4092; x_wconf 86' lang='lat' dir='ltr'>miles,</span> <span class='ocrx_word' id='word_1_348' title='bbox 1023 4019 1096 4080; x_wconf 93' lang='lat' dir='ltr'>dum</span> <span class='ocrx_word' id='word_1_349' title='bbox 1119 4063 1126 4079; x_wconf 91' lang='lat'><strong>.</strong></span> <span class='ocrx_word' id='word_1_350' title='bbox 1153 4063 1160 4078; x_wconf 93' lang='lat'><em>.</em></span> <span class='ocrx_word' id='word_1_351' title='bbox 1184 4019 1277 4080; x_wconf 88' lang='lat' dir='ltr'>duces</span> <span class='ocrx_word' id='word_1_352' title='bbox 1307 4019 1428 4080; x_wconf 88' lang='lat' dir='ltr'>adsueti</span> 
     </span>
     <span class='ocr_line' id='line_1_35' title="bbox 176 4118 1429 4202; baseline 0.002 -22"><span class='ocrx_word' id='word_1_353' title='bbox 176 4119 327 4182; x_wconf 90' lang='lat' dir='ltr'>militibus</span> <span class='ocrx_word' id='word_1_354' title='bbox 359 4122 466 4184; x_wconf 91' lang='lat' dir='ltr'>iuvare</span> <span class='ocrx_word' id='word_1_355' title='bbox 500 4129 629 4202; x_wconf 90' lang='lat' dir='ltr'>possent</span> <span class='ocrx_word' id='word_1_356' title='bbox 655 4122 790 4200; x_wconf 88' lang='lat' dir='ltr'>incepta.</span> <span class='ocrx_word' id='word_1_357' title='bbox 812 4120 864 4193; x_wconf 88' lang='grc'>44,</span> <span class='ocrx_word' id='word_1_358' title='bbox 886 4118 937 4192; x_wconf 88' lang='grc'>36,</span> <span class='ocrx_word' id='word_1_359' title='bbox 963 4119 997 4179; x_wconf 99' lang='grc'>11</span> <span class='ocrx_word' id='word_1_360' title='bbox 1024 4139 1057 4180; x_wconf 89' lang='grc'>11</span> <span class='ocrx_word' id='word_1_361' title='bbox 1081 4137 1266 4198; x_wconf 87' lang='lat' dir='ltr'>magnopere</span> <span class='ocrx_word' id='word_1_362' title='bbox 1288 4119 1429 4192; x_wconf 86' lang='lat' dir='ltr'>suadere,</span> 
     </span>
     <span class='ocr_line' id='line_1_36' title="bbox 175 4219 1428 4302; baseline 0 -21"><span class='ocrx_word' id='word_1_363' title='bbox 175 4221 247 4282; x_wconf 90' lang='lat' dir='ltr'>dum</span> <span class='ocrx_word' id='word_1_364' title='bbox 281 4221 311 4282; x_wconf 91' lang='grc'>11</span> <span class='ocrx_word' id='word_1_365' title='bbox 347 4241 456 4301; x_wconf 90' lang='lat' dir='ltr'>campo</span> <span class='ocrx_word' id='word_1_366' title='bbox 489 4221 610 4302; x_wconf 89' lang='lat' dir='ltr'>patenti</span> <span class='ocrx_word' id='word_1_367' title='bbox 639 4221 759 4282; x_wconf 89' lang='lat' dir='ltr'>hostem</span> <span class='ocrx_word' id='word_1_368' title='bbox 783 4221 911 4294; x_wconf 89' lang='lat' dir='ltr'>habeat,</span> <span class='ocrx_word' id='word_1_369' title='bbox 934 4220 1143 4300; x_wconf 89' lang='lat' dir='ltr'>adgrediatur.</span> <span class='ocrx_word' id='word_1_370' title='bbox 1187 4219 1252 4292; x_wconf 91' lang='lat' dir='ltr'>Bis,</span> <span class='ocrx_word' id='word_1_371' title='bbox 1276 4219 1327 4281; x_wconf 91' lang='lat' dir='ltr'>ubi</span> <span class='ocrx_word' id='word_1_372' title='bbox 1350 4219 1428 4282; x_wconf 90' lang='lat' dir='ltr'>sori-</span> 
     </span>
     <span class='ocr_line' id='line_1_37' title="bbox 175 4319 1428 4402; baseline -0.001 -21"><span class='ocrx_word' id='word_1_373' title='bbox 175 4321 259 4382; x_wconf 86' lang='grc'>111111</span> <span class='ocrx_word' id='word_1_374' title='bbox 280 4344 361 4395; x_wconf 85' lang='lat' dir='ltr'>oum,</span> <span class='ocrx_word' id='word_1_375' title='bbox 385 4324 514 4385; x_wconf 80' lang='lat' dir='ltr'>forsitan</span> <span class='ocrx_word' id='word_1_376' title='bbox 538 4321 613 4384; x_wconf 83' lang='lat' dir='ltr'>dom</span> <span class='ocrx_word' id='word_1_377' title='bbox 636 4324 870 4402; x_wconf 80' lang='lat' dir='ltr'>praeferendum</span> <span class='ocrx_word' id='word_1_378' title='bbox 895 4321 951 4382; x_wconf 90' lang='lat' dir='ltr'>sit:</span> <span class='ocrx_word' id='word_1_379' title='bbox 975 4321 1026 4394; x_wconf 94' lang='grc'>34,</span> <span class='ocrx_word' id='word_1_380' title='bbox 1048 4319 1099 4394; x_wconf 88' lang='grc'>49,</span> <span class='ocrx_word' id='word_1_381' title='bbox 1127 4322 1162 4382; x_wconf 91' lang='grc'>10</span> <span class='ocrx_word' id='word_1_382' title='bbox 1186 4320 1379 4384; x_wconf 86' lang='lat' dir='ltr'>Discordiam</span> <span class='ocrx_word' id='word_1_383' title='bbox 1396 4330 1428 4382; x_wconf 90' lang='lat' dir='ltr'>et</span> 
     </span>
     <span class='ocr_line' id='line_1_38' title="bbox 175 4422 1428 4502; baseline 0.001 -20"><span class='ocrx_word' id='word_1_384' title='bbox 175 4422 358 4486; x_wconf 89' lang='lat' dir='ltr'>seditionem</span> <span class='ocrx_word' id='word_1_385' title='bbox 393 4425 497 4486; x_wconf 90' lang='lat' dir='ltr'>omnia</span> <span class='ocrx_word' id='word_1_386' title='bbox 529 4430 704 4502; x_wconf 89' lang='lat' dir='ltr'>opportuna</span> <span class='ocrx_word' id='word_1_387' title='bbox 736 4422 956 4484; x_wconf 89' lang='lat' dir='ltr'>insidiantibus</span> <span class='ocrx_word' id='word_1_388' title='bbox 991 4424 1102 4494; x_wconf 81' lang='lat' dir='ltr'>faeere,</span> <span class='ocrx_word' id='word_1_389' title='bbox 1136 4441 1214 4484; x_wconf 89' lang='lat' dir='ltr'>oum</span> <span class='ocrx_word' id='word_1_390' title='bbox 1242 4440 1428 4500; x_wconf 69' lang='lat' dir='ltr'>personae</span> 
     </span>
     <span class='ocr_line' id='line_1_39' title="bbox 174 4522 1426 4602; baseline -0.002 -18"><span class='ocrx_word' id='word_1_391' title='bbox 174 4524 343 4586; x_wconf 85' lang='lat' dir='ltr'>domestico</span> <span class='ocrx_word' id='word_1_392' title='bbox 376 4525 544 4587; x_wconf 89' lang='lat' dir='ltr'>certamine</span> <span class='ocrx_word' id='word_1_393' title='bbox 577 4524 703 4585; x_wconf 76' lang='lat' dir='ltr'>inferior</span> <span class='ocrx_word' id='word_1_394' title='bbox 736 4523 787 4596; x_wconf 90' lang='lat' dir='ltr'>sit,</span> <span class='ocrx_word' id='word_1_395' title='bbox 821 4532 949 4585; x_wconf 88' lang='lat' dir='ltr'>externo</span> <span class='ocrx_word' id='word_1_396' title='bbox 978 4523 1081 4602; x_wconf 91' lang='lat' dir='ltr'>potius</span> <span class='ocrx_word' id='word_1_397' title='bbox 1104 4542 1136 4582; x_wconf 89' lang='lat' dir='ltr'>so</span> <span class='ocrx_word' id='word_1_398' title='bbox 1160 4522 1306 4601; x_wconf 88' lang='lat' dir='ltr'>adplicet,</span> <span class='ocrx_word' id='word_1_399' title='bbox 1335 4540 1426 4601; x_wconf 90' lang='lat' dir='ltr'>quarn</span> 
     </span>
     <span class='ocr_line' id='line_1_40' title="bbox 174 4619 1429 4700; baseline 0 -14"><span class='ocrx_word' id='word_1_400' title='bbox 174 4625 233 4686; x_wconf 83' lang='lat' dir='ltr'>civi</span> <span class='ocrx_word' id='word_1_401' title='bbox 257 4627 358 4699; x_wconf 90' lang='lat' dir='ltr'>cedat,</span> <span class='ocrx_word' id='word_1_402' title='bbox 381 4626 432 4699; x_wconf 82' lang='lat'>35,</span> <span class='ocrx_word' id='word_1_403' title='bbox 454 4625 505 4700; x_wconf 84' lang='lat'>36,</span> <span class='ocrx_word' id='word_1_404' title='bbox 528 4619 547 4685; x_wconf 88' lang='grc'><strong>7</strong></span> <span class='ocrx_word' id='word_1_405' title='bbox 570 4624 623 4686; x_wconf 88' lang='grc'>1111</span> <span class='ocrx_word' id='word_1_406' title='bbox 646 4625 747 4686; x_wconf 87' lang='lat' dir='ltr'>dicere</span> <span class='ocrx_word' id='word_1_407' title='bbox 770 4625 982 4686; x_wconf 84' lang='lat' dir='ltr'>exturbandos</span> <span class='ocrx_word' id='word_1_408' title='bbox 1016 4622 1146 4686; x_wconf 87' lang='lat' dir='ltr'>Aetolos</span> <span class='ocrx_word' id='word_1_409' title='bbox 1180 4631 1212 4684; x_wconf 92' lang='lat' dir='ltr'>et</span> <span class='ocrx_word' id='word_1_410' title='bbox 1240 4622 1429 4696; x_wconf 87' lang='lat' dir='ltr'>libertatem,</span> 
     </span>
     <span class='ocr_line' id='line_1_41' title="bbox 174 4721 1428 4803; baseline -0.002 -16"><span class='ocrx_word' id='word_1_411' title='bbox 174 4745 242 4788; x_wconf 93' lang='lat' dir='ltr'>cum</span> <span class='ocrx_word' id='word_1_412' title='bbox 266 4726 390 4788; x_wconf 88' lang='lat' dir='ltr'>restitui</span> <span class='ocrx_word' id='word_1_413' title='bbox 409 4727 575 4797; x_wconf 85' lang='lat' dir='ltr'>videretur,</span> <span class='ocrx_word' id='word_1_414' title='bbox 596 4726 813 4803; x_wconf 89' lang='lat' dir='ltr'>interceptam,</span> <span class='ocrx_word' id='word_1_415' title='bbox 836 4724 1047 4802; x_wconf 85' lang='lat' dir='ltr'>repetendam.</span> <span class='ocrx_word' id='word_1_416' title='bbox 1092 4723 1159 4784; x_wconf 90' lang='lat' dir='ltr'>Hoc</span> <span class='ocrx_word' id='word_1_417' title='bbox 1182 4721 1247 4784; x_wconf 87' lang='lat' dir='ltr'>loco</span> <span class='ocrx_word' id='word_1_418' title='bbox 1267 4722 1342 4784; x_wconf 85' lang='lat' dir='ltr'>dum</span> <span class='ocrx_word' id='word_1_419' title='bbox 1355 4741 1428 4784; x_wconf 91' lang='lat' dir='ltr'>con-</span> 
     </span>
    </p>
   </div>
   <div class='ocr_carea' id='block_1_3' title="bbox 0 0 1792 5632">
    <p class='ocr_par' dir='ltr' id='par_1_3' title="bbox 0 0 1792 5632">
     <span class='ocr_line' id='line_1_42' title="bbox 0 0 1792 5632; baseline 0 0"><span class='ocrx_word' id='word_1_420' title='bbox 0 0 1792 5632; x_wconf 95' lang='lat' dir='ltr'> </span> 
     </span>
    </p>
   </div>
  </div>
 </body>
</html>
