3584 5632
352 617 394 674 84
636 614 837 687 Epilegomena
858 615 894 670 ad
916 613 948 670 Τ.
972 613 1045 670 bivii
1067 614 1172 670 librum
1192 614 1323 685 primum.

353 787 456 870 quoad
478 785 599 869 insequi
622 788 718 867 pedes
739 787 852 867 potnit,
874 795 963 867 terga
986 805 1086 850 caesa.
1109 805 1170 870 quo
1191 786 1218 848 Β
1241 784 1335 849 Lam.
1358 787 1388 848 3.
1410 787 1519 868 pedd.
1537 788 1569 852 3.
1580 785 1612 850 8.

351 889 435 970 Meg.
459 887 557 952 Gron.
578 886 652 972 (nex
675 889 805 951 adverso
827 888 869 962 id,
892 907 951 969 quo
965 887 1143 966 longissime
1157 887 1613 971 prospectusdatnro),Dralr.,

354 988 455 1065 Creu,
483 988 604 1063 Stroth,
631 989 738 1050 Madv.
766 988 859 1072 quod,
882 989 1037 1069 scriptura
1060 988 1198 1050 codicum
1221 989 1413 1068 praevalida,
1437 990 1506 1052 odd.
1532 989 1559 1051 l.
1583 991 1612 1050 2.

352 1088 427 1154 Ald.
460 1090 554 1154 Frob.
587 1088 680 1153 Grnt.
722 1089 770 1152 At
802 1089 871 1170 pari
898 1090 988 1151 modo
1017 1089 1045 1162 l,
1067 1088 1119 1162 52,
1141 1091 1161 1152 2
1184 1089 1306 1152 foedere
1329 1097 1506 1164 teneantur,
1529 1089 1615 1174 qaod

354 1197 409 1256 ott.
431 1189 564 1263 MLPU,
586 1190 759 1252 necessario
782 1191 896 1273 inquo
919 1197 1090 1253 correctum
1113 1190 1152 1252 ab
1176 1190 1245 1252 edd.

436 1291 488 1365 20,
510 1285 530 1352 7
553 1300 747 1354 armarentur.
786 1291 1015 1372 »Prodigiorum
1039 1289 1272 1370 procurationes
1291 1291 1403 1354 millies
1420 1292 1480 1374 legi
1487 1313 1497 1369 3
1520 1311 1613 1356 oura-

353 1391 464 1465 tiones,
498 1392 579 1472 quod
614 1391 815 1466 meminerim,
848 1411 1026 1472 numquam.
1069 1392 1181 1472 Itaque
1203 1391 1370 1458 videndum
1393 1413 1431 1456 no
1453 1393 1615 1474 scripserit

353 1499 619 1575 procurarentur»,
642 1492 827 1556 Gronovius.
860 1493 1123 1556 »Procurarentur
1144 1492 1278 1554 fortasse
1295 1493 1464 1574 scripserat
1475 1493 1614 1568 Livius»,

355 1592 490 1657 Crevier.
533 1593 629 1655 »Cum
658 1613 809 1675 nusquam
839 1593 925 1667 alibi,
953 1595 1034 1674 quod
1057 1592 1163 1666 sciam,
1187 1593 1309 1656 dicotur
1331 1594 1472 1676 prodigia
1494 1615 1614 1668 curare,

354 1695 409 1775 sed
442 1713 564 1774 semper
597 1713 772 1774 procurare,
805 1694 947 1776 equidem
979 1693 1013 1756 in
1045 1694 1114 1756 cdd.
1142 1693 1173 1754 h.
1195 1694 1216 1756 l.
1240 1701 1376 1758 amatum
1409 1696 1613 1776 putaverim»,

354 1794 522 1876 Ingerslov.
566 1793 657 1866 Quod
679 1795 711 1857 hi
732 1795 907 1869 voluerunt,
929 1795 961 1856 in
984 1802 1106 1856 textum
1121 1795 1240 1875 recepit
1253 1795 1509 1860 Wimmeroranz.
1544 1798 1613 1858 Iam

354 1915 426 1959 vero
455 1895 618 1975 permultis
646 1895 797 1976 exemplis
823 1897 995 1958 docuerunt
1015 1895 1184 1960 Kuehnast
1204 1894 1290 1979 (Liv.
1313 1896 1404 1978 Synt.
1427 1917 1458 1978 p.
1480 1896 1559 1981 332)
1582 1904 1615 1958 et

354 1997 494 2077 Draeger
523 1993 623 2080 (Hist.
653 1996 745 2078 Synt.
767 1998 793 2058 1.
816 1997 830 2078 ξ
852 1996 909 2080 85)
932 1996 1055 2066 Livium
1078 1995 1201 2059 omnino
1224 1995 1327 2058 verbis
1349 1997 1541 2079 simplicibus
1563 1999 1613 2060 in-

355 2098 477 2163 terdum
505 2097 551 2158 nti
578 2115 633 2178 pro
662 2098 851 2177 compositis.
895 2096 997 2169 Quam
1021 2097 1274 2160 consuetudinem
1297 2097 1392 2160 latius
1415 2107 1523 2179 patore
1546 2118 1614 2161 mo-

355 2197 424 2261 nuit
445 2198 609 2272 Riemann,
630 2175 752 2261 E'ltndes
774 2218 827 2262 sur
849 2199 880 2260 la
901 2197 1014 2279 langue
1037 2199 1075 2260 de
1098 2197 1265 2260 Tite-Line
1287 2217 1317 2278 p.
1342 2197 1402 2262 149
1424 2217 1492 2280 sqq.

439 2299 529 2373 21,1
554 2319 619 2384 pro
646 2300 753 2374 cocio,
781 2301 862 2381 qnod
890 2299 1057 2363 divinando
1085 2299 1116 2360 in
1139 2300 1186 2362 ed.
1210 2300 1312 2362 altera
1333 2299 1443 2363 leviter
1464 2301 1614 2382 tetigerat

355 2400 494 2481 Madvig,
527 2399 645 2480 primns
677 2400 709 2462 in
742 2420 831 2462 nsum
861 2391 1014 2464 convertit
1041 2400 1240 2463 Hermannns
1261 2401 1287 2462 I.
1309 2400 1451 2465 Mueller.
1493 2402 1544 2464 Ex
1567 2421 1613 2475 eo,

356 2501 437 2582 quod
471 2507 520 2564 est
551 2500 583 2562 in
616 2502 696 2575 cdd,
726 2501 884 2585 prosimo,
912 2501 1000 2562 nullo.
1021 2500 1085 2562 alia
1106 2501 1264 2563 sententia
1286 2501 1355 2564 elici
1376 2521 1468 2582 posse
1489 2503 1614 2566 videtur

356 2601 416 2664 nisi
447 2601 540 2664 haec:
574 2621 612 2664 ea
644 2602 763 2682 pietate
794 2602 929 2665 omnium
958 2610 1086 2681 pectora
1106 2601 1262 2664 imbuerat
1283 2603 1397 2677 Numa,
1420 2611 1457 2664 nt
1476 2603 1555 2666 fides
1576 2622 1613 2668 ac

355 2702 580 2776 iusiurandum,
613 2703 786 2783 proximum
821 2701 898 2788 (non
931 2721 1036 2782 parem
1064 2702 1114 2764 vel
1136 2704 1307 2786 summum)
1329 2703 1428 2767 locum
1452 2704 1612 2768 obtinente

356 2803 458 2884 legum
482 2823 519 2866 ac
540 2822 709 2883 poenarum
731 2810 827 2878 metu,
850 2804 1009 2866 civitatem
1031 2810 1189 2884 regerent3
1212 2805 1289 2866 adeo
1311 2812 1453 2886 regerent
1473 2805 1531 2868 illa
1545 2805 1615 2886 qni·

358 2905 426 2968 dem
451 2903 621 2978 civitatem,
643 2912 749 2968 tamen
771 2905 827 2979 ite,
850 2903 955 2968 uthis
976 2905 1009 2966 in
1031 2905 1164 2986 regendo
1186 2905 1325 2985 proxime
1337 2907 1499 2968 accederet
1512 2906 1613 2987 legum

355 3024 394 3067 ac
415 3023 583 3085 poenarum
606 3013 717 3070 metus.
761 3005 815 3068 Sic
835 3005 958 3069 Livium
981 3025 1041 3068 non
1064 3005 1200 3068 locutum
1224 3025 1291 3068 osse
1313 3006 1375 3069 iem
1397 3014 1519 3070 veteres
1542 3027 1614 3070 sen·

356 3113 474 3179 serunt,
507 3105 560 3187 qni
585 3104 741 3190 propulso
768 3114 987 3187 supponerent.
1030 3105 1140 3178 »Quod
1162 3106 1290 3170 tametsi
1310 3106 1504 3188 inquinatius
1526 3107 1613 3170 vide-

356 3213 417 3281 tur,
440 3205 565 3270 affinius
587 3214 694 3270 tamen
716 3208 853 3282 veritati,
877 3227 968 3288 qnam
990 3206 1068 3270 illud
1091 3207 1248 3288 superius:
1271 3208 1414 3272 nimirum
1433 3208 1611 3290 religionem

356 3307 542 3370 successisse
573 3308 606 3370 in
638 3308 735 3372 vicem
770 3316 871 3372 metus
902 3309 1004 3390 legum
1027 3329 1064 3372 ac
1085 3327 1272 3389 poenarum»
1293 3307 1478 3394 (Nunnius).
1523 3308 1612 3380 Quae

355 3408 513 3472 sententie
535 3409 726 3490 frequentior
748 3417 797 3472 est
817 3410 850 3472 in
872 3410 1069 3490 antiquorum
1093 3409 1190 3484 libris,
1212 3409 1300 3471 velut
1321 3409 1380 3473 Ov.
1402 3411 1490 3472 Fast
1512 3409 1609 3484 l‚251

355 3509 477 3590 Proque
500 3517 586 3572 metu
608 3511 755 3590 populum
778 3509 845 3572 sine
866 3511 898 3572 vi
920 3511 1018 3591 pudor
1039 3510 1107 3591 ipse
1129 3511 1268 3592 regebat,
1289 3510 1367 3574 Met.
1392 3512 1421 3585 l,
1443 3509 1483 3573 90
1505 3510 1613 3574 Aurea

355 3617 445 3674 aetas
477 3610 543 3672 sine
576 3609 643 3691 lege
676 3611 767 3674 fldem
796 3619 976 3692 rectumque
1005 3611 1136 3674 colebat.
1180 3612 1255 3674 Tac.
1281 3611 1366 3673 Ann.
1395 3613 1426 3686 3,
1447 3609 1487 3674 26
1509 3612 1613 3674 Vetu-

355 3711 485 3772 stissimi
507 3712 684 3776 mortalium
698 3757 705 3772 .
719 3758 726 3773 .
739 3712 805 3775 sine
827 3732 928 3793 poena
949 3719 1006 3774 ant
1023 3712 1258 3776 coercitionibus
1273 3713 1429 3793 agebant.
1443 3759 1450 3774 .
1463 3711 1539 3774 nibil
1558 3731 1613 3794 per

355 3821 471 3874 metum
500 3813 700 3876 vetabantur.
745 3813 911 3876 Contraria
933 3820 1026 3893 etque
1048 3833 1195 3893 perversa
1217 3821 1275 3887 est,
1298 3833 1392 3895 qnam
1414 3815 1471 3875 dat
1493 3813 1613 3876 oonieo-

355 3920 427 3976 tura
459 3913 575 3976 Mureti
602 3914 750 3998 proxime
782 3911 884 3996 lepram
912 3935 949 3976 oo
975 3934 1153 3998 poenorum
1184 3923 1309 3988 metam,
1343 3933 1422 3995 quae
1445 3911 1612 3987 Gronovio,

354 4013 620 4088 Drakenborcbio,
644 4014 799 4078 Crevierio
821 4015 961 4095 inprimis
984 4014 1112 4095 placuit.
1147 4014 1237 4077 Felix
1259 4015 1460 4095 praedicatur
1477 4035 1497 4077 a
1514 4015 1613 4096 scrip·

354 4123 422 4178 tore
455 4121 559 4176 status
592 4115 741 4188 civitatis,
775 4115 827 4178 ubi
854 4117 931 4180 fides
960 4135 996 4178 ac
1021 4116 1234 4178 iusiurandum
1257 4116 1359 4197 legum
1383 4135 1421 4178 ac
1442 4133 1611 4197 poenarum

354 4215 451 4280 metui
479 4216 672 4280 successerit.
715 4217 807 4278 Hanc
829 4217 1017 4280 sententiam
1039 4217 1194 4280 redditam
1216 4217 1317 4280 voluit
1338 4217 1467 4298 Madvig
1489 4216 1612 4280 conice

354 4323 426 4380 tura
447 4336 512 4400 pro
540 4315 673 4380 obnocio
695 4314 796 4400 legam
819 4339 857 4380 ao
872 4340 909 4403 p.
932 4327 1024 4380 meta.
1068 4318 1118 4382 Ac
1140 4317 1216 4380 dicit
1237 4318 1361 4399 quidem
1383 4317 1503 4392 Livius,
1524 4317 1612 4380 Rbo-

354 4417 421 4480 dios
443 4417 596 4498 dignitate
619 4425 714 4498 atque
736 4419 847 4498 opibus
869 4418 1035 4494 excellere;
1058 4438 1137 4501 qnae
1160 4437 1252 4482 serva
1273 4426 1368 4500 atque
1391 4418 1612 4492 obnoxietas,

261 4565 266 4570 -
353 4517 380 4580 si
402 4519 505 4582 nullus
528 4519 588 4581 alio
610 4518 662 4592 sit,
686 4539 777 4601 qnam
802 4522 840 4582 ad
862 4519 1020 4582 Romanos
1043 4518 1613 4603 respectus(42,46,4eodemsonsu,

354 4638 413 4699 qno
436 4613 487 4693 37,
509 4619 561 4694 54,
583 4618 603 4680 6
624 4633 712 4701 reges
735 4639 825 4682 serve
847 4620 951 4684 omnia
973 4629 1005 4682 et
1027 4621 1170 4684 subiecta
1190 4621 1319 4704 imperio
1336 4617 1613 4704 sucessevelint);

353 4719 473 4783 hostem
497 4720 652 4783 devictum
676 4729 799 4784 centnm
822 4741 970 4784 annornm
994 4741 1071 4800 pace
1094 4721 1229 4785 obnoxia
1250 4729 1357 4785 tenere
1379 4720 1426 4806 (6,
1447 4721 1500 4796 28,
1522 4715 1552 4795 7,
1575 4721 1613 4783 c'f.

352 4817 383 4894 9,
410 4822 456 4894 10,
478 4822 499 4883 4
529 4821 691 4884 emersisse
724 4821 884 4884 civitatem
914 4841 952 4884 ex
981 4822 1118 4885 obnoxio
1144 4841 1234 4903 pace,
1254 4823 1275 4884 i.
1296 4843 1324 4885 e.
1346 4821 1465 4904 iniqua,
1487 4829 1523 4885 nt
1544 4823 1614 4884 vin-
