3574 5632
337 649 537 730 ilpilegomena
559 651 595 713 ad
617 649 648 712 b.
673 649 745 714 Livii
766 650 869 714 librum
890 652 1050 716 vicesimum
1071 654 1203 734 primum.
1375 657 1413 718 st

165 831 250 894 missi
285 841 374 895 erant
401 832 441 895 ab
464 830 570 904 Dario,
592 851 649 894 nec
670 849 800 913 usquam
823 829 955 894 nominis
976 830 1059 894 illius
1082 831 1145 894 elia
1165 833 1212 896 vis
1235 852 1302 896 esse
1325 855 1415 915 repe-

163 932 251 1006 ritur,
275 951 366 1012 quam
389 931 571 1007 transitiva3
594 950 670 1012 quos
691 950 764 994 vero
787 929 908 994 Gallico
932 931 1054 994 nomine
1075 933 1284 997 maroadeara
1305 936 1416 1015 appel·

164 1031 242 1106 lant,
265 1032 387 1113 proprie
408 1041 482 1094 sunt
504 1031 682 1106 nebulones,
704 1049 847 1112 nequam,
869 1031 1010 1111 improbi.

247 1133 315 1195 Iam
349 1152 421 1196 vero
455 1131 652 1213 participium
685 1141 825 1194 moratas
857 1131 957 1194 tribus
980 1132 1174 1211 potissimum
1198 1134 1282 1208 locis,
1305 1135 1416 1216 quibos

166 1252 234 1296 cum
258 1233 455 1296 substantivo
478 1231 624 1296 confundi
646 1233 737 1306 solet,
759 1233 982 1314 perquiramus.
1027 1234 1144 1298 Narrat
1165 1235 1274 1298 Livius
1296 1237 1347 1310 21,
1364 1231 1416 1310 47,

165 1335 217 1396 ubi
251 1343 323 1415 post
354 1333 503 1414 proelium
537 1339 679 1414 equestre
702 1334 864 1396 adversum
889 1333 972 1396 ultra
994 1334 1134 1398 Ticinum
1158 1335 1353 1398 commissum
1377 1339 1418 1399 ab

168 1455 203 1498 eo
236 1435 361 1497 llumine
384 1441 489 1498 castra
510 1433 642 1496 moverit
664 1433 768 1515 Scipio
791 1442 885 1516 atque
908 1435 947 1495 ad
971 1434 1091 1498 Padum
1115 1437 1338 1518 properaverit,
1360 1439 1417 1500 «ad

165 1543 329 1598 sexcentos
351 1543 582 1598 moratorum
605 1535 636 1596 in
660 1534 800 1598 citeriore
822 1534 891 1614 ripa
912 1534 992 1597 Padi
1014 1537 1150 1618 segniter
1171 1546 1270 1601 ratem
1293 1538 1418 1600 solven-

165 1645 231 1700 tes»
264 1638 304 1699 ab
336 1635 514 1698 Hannibale
549 1643 658 1716 captos
691 1655 759 1698 esse
782 1633 874 1719 (Fuit
895 1642 1000 1700 tamsu
1020 1645 1102 1700 teste
1120 1638 1251 1722 Polybio
1272 1641 1302 1714 3,
1324 1637 1418 1714 66,3

165 1733 184 1799 ὁ
217 1731 341 1818 πρώιος
373 1735 515 1817 ποταμὸς
548 1741 602 1798 καὶ
634 1733 653 1818 ἢ
684 1735 738 1799 dni
770 1736 868 1820 τούτῳ
902 1738 1036 1820 recepe,
1065 1739 1085 1801 i.
1109 1760 1134 1801 e.
1157 1759 1235 1820 pons
1256 1740 1287 1803 in
1311 1740 1418 1804 Ticino

167 1839 295 1923 iactus).
353 1840 471 1920 Aperte
504 1840 601 1902 relert
621 1837 771 1920 Polybius
794 1837 889 1900 fuisse
910 1834 981 1912 roris
1004 1839 1220 1922 φυλάττοντας
1241 1837 1298 1924 τὴν
1318 1843 1416 1924 riqu-

165 1961 228 2019 ραν
262 1937 307 2002 ἔτι
346 1945 418 2021 περὶ
449 1937 505 2004 cdv
538 1935 685 2021 ποταμὸν
717 1934 998 2019 ὑπολειπομένους,
1032 1951 1126 2025 atque
1159 1942 1262 2006 addit:
1300 1943 1419 2006 τούτων

164 2044 224 2122 μὲν
256 2037 405 2125 inpressis
437 2041 569 2119 ἐγένετο,
603 2035 715 2121 σχεδὸν
748 2037 924 2116 ἑξακοσίων
957 2039 1061 2106 ὄντων
1092 2040 1149 2106 τὸν
1180 2039 1336 2124 ἀριθμόν.
1382 2047 1417 2108 lu

166 2143 224 2206 tali
256 2163 290 2206 re
322 2143 407 2206 nullo
440 2144 530 2206 modo
552 2143 654 2206 dicere
676 2143 778 2222 potuit
800 2143 909 2206 Livius
931 2153 1094 2208 sexcentos
1117 2157 1287 2210 moratores
1309 2155 1418 2228 captos

166 2245 220 2306 sed
243 2251 406 2308 sexcentos
428 2252 616 2307 moratorum
638 2243 704 2306 sive
726 2245 923 2319 morantium,
944 2245 964 2306 i.
989 2267 1014 2307 e.
1038 2246 1141 2325 pontis
1172 2247 1419 2310 custodiendiae

165 2344 303 2406 solvendi
339 2363 433 2408 eausa
464 2344 690 2408 remanentium
721 2353 826 2426 atque,
861 2353 896 2406 ut
923 2346 1121 2427 reprehendit
1143 2347 1261 2420 Livius,
1283 2348 1421 2428 segniter

165 2445 198 2508 id
231 2445 386 2527 negotium
421 2445 715 2508 administrantium.
771 2446 806 2507 In
841 2446 980 2525 proximo
1013 2454 1117 2509 autem
1153 2449 1265 2528 capite,
1301 2449 1353 2510 ubi
1380 2449 1420 2510 de

167 2545 302 2608 transitu
334 2545 466 2609 Trebiae
499 2546 615 2610 mentio
649 2545 695 2619 fit,
724 2545 845 2608 «Minus
868 2565 959 2627 quem
982 2549 1021 2610 ad
1045 2547 1185 2610 Ticinum
1209 2549 1347 2623 fefellit»,
1368 2548 1419 2610 in-

167 2646 234 2728 quit
265 2646 384 2723 Livius,
419 2646 509 2729 quasi
542 2665 623 2710 nunc
644 2647 776 2726 primum
799 2646 984 2721 meminerit,
1005 2648 1048 2722 id,
1071 2651 1150 2729 quod
1175 2650 1263 2712 modo
1286 2650 1417 2712 relatum

167 2755 261 2822 esset,
295 2749 336 2810 ad
368 2748 521 2822 Ticinum,
553 2767 612 2811 non
650 2748 690 2808 ad
721 2748 841 2809 Padum
865 2747 1024 2810 accidisse.
1067 2749 1156 2811 Missi
1180 2749 1219 2812 ab
1242 2750 1419 2813 Hannibale

165 2847 297 2928 primum
330 2849 495 2923 Numidae,
529 2849 639 2911 deinde
672 2848 772 2910 omnis
806 2848 963 2930 equitatus
999 2869 1084 2912 «cum
1119 2851 1181 2913 iam
1210 2859 1420 2932 transgressos

168 2948 313 3012 Trebiam
346 2949 504 3012 Romanos
526 2956 741 3030 metantesque
765 2955 869 3012 castra
891 2951 1135 3030 conspexissent,
1158 2971 1273 3032 paucos
1296 2971 1420 3015 mora-

166 3058 291 3112 torum
324 3050 503 3114 ccciderunt
537 3051 617 3113 citra
648 3050 761 3112 flumen
783 3049 999 3130 interceptos».
1044 3050 1115 3122 Qua
1136 3053 1167 3113 in
1190 3073 1223 3116 re
1244 3053 1293 3115 his
1316 3053 1418 3116 verbis

167 3149 268 3212 utitur
300 3151 449 3234 Polybius
482 3171 508 3213 o.
540 3149 582 3214 68
615 3146 647 3214 ολ
678 3149 808 3223 πλείους
829 3149 987 3234 ἔφθασαν
1009 3151 1178 3234 διαβάντες
1198 3150 1255 3217 τὸν
1279 3157 1419 3236 Τρεβίαν

166 3250 321 3332 ποταμόν·
343 3252 407 3315 τῶν
435 3251 470 3314 δὲ
491 3251 777 3336 καταλειφθέντων
799 3252 853 3315 dni
874 3255 927 3337 τῆς
948 3248 1118 3335 οὐραγίας,
1142 3250 1174 3318 οἳ
1193 3259 1254 3336 μὲν
1273 3255 1419 3339 διεφθά-

167 3368 279 3437 ρησαν,
312 3349 344 3416 οἳ
377 3351 414 3416 δὲ
445 3349 556 3427 ζῶντες
590 3351 739 3419 ἑάλωσαν
774 3348 838 3418 ὑπὸ
859 3357 922 3418 rein
945 3356 1195 3440 Καρχηδονίων.’
1227 3358 1297 3432 Hic,
1322 3365 1357 3420 ut
1379 3359 1418 3419 ad

169 3455 321 3529 Ticinum,
355 3449 386 3517 oi
419 3454 691 3538 καταλειφθέντες
723 3457 776 3519 ἐπὶ
804 3459 857 3540 τῆς
879 3452 1032 3538 οὐραγίας
1054 3459 1179 3521 minime
1201 3459 1328 3521 fuerunt
1350 3478 1419 3520 ma-

166 3556 316 3618 raudeurs
338 3563 395 3618 aut
415 3557 573 3620 traiuards
596 3567 653 3622 aut
673 3559 869 3640 nacbniiglcr.
912 3559 1018 3621 Tertio
1040 3559 1172 3641 denique
1196 3559 1271 3633 loco,
1294 3559 1345 3634 24,
1366 3560 1419 3632 41,

168 3656 281 3718 dicitur
314 3657 345 3718 in
374 3658 530 3738 Hispania
549 3658 586 3721 Ρ.
610 3659 771 3722 Gemellus
794 3660 895 3722 dubiis
917 3660 1067 3723 sociorum
1092 3660 1203 3723 animis
1224 3661 1256 3722 in
1280 3669 1420 3741 tempore

168 3757 341 3820 advenisse.
385 3757 506 3822 «Primo
530 3760 569 3821 ad
592 3759 738 3823 Castrum
760 3760 877 3822 Album
902 3769 1006 3823 castra
1027 3761 1159 3824 Romani
1182 3759 1328 3824 habuere.
1351 3761 1420 3823 Arx

166 3867 243 3940 erat·
270 3857 400 3934 munita,
437 3868 470 3922 et
507 3869 715 3924 convexerant
748 3870 821 3924 ante
854 3862 1042 3924 frumentum
1050 3881 1059 3937 ;
1082 3868 1198 3935 tamen,
1221 3863 1295 3943 quia
1317 3862 1421 3924 omnia

167 3958 248 4020 circa
280 3958 415 4022 bostium
448 3961 542 4041 plena
568 3970 668 4037 erant,
690 3981 861 4043 agmenque
882 3962 1056 4025 Romanum
1079 3963 1205 4043 impune
1227 3963 1418 4024 incursatum

167 4059 207 4122 ab
241 4059 397 4140 equitibus
430 4061 565 4124 bostium
598 4064 702 4125 iuerat
723 4072 756 4126 et
778 4063 818 4125 ad
840 4064 901 4126 duo
924 4063 1010 4126 milia
1031 4072 1088 4125 ant
1110 4071 1341 4126 moratorum
1365 4069 1421 4124 aut

166 4158 341 4241 palantium
375 4180 430 4240 per
457 4182 547 4243 agros
568 4162 745 4238 interiecta,
768 4181 886 4226 cessere
907 4165 979 4227 inde
1001 4164 1133 4227 Romani
1157 4165 1283 4244 propius
1305 4171 1420 4244 pecata

166 4261 259 4324 locat.
316 4259 377 4331 Qui
411 4271 467 4324 aut
487 4263 569 4325 inter
591 4265 724 4326 eundum
748 4265 885 4327 cunctati
909 4273 998 4327 erant
1020 4273 1076 4326 aut
1097 4285 1130 4326 se
1152 4265 1183 4327 in
1208 4283 1298 4346 agros
1321 4265 1420 4326 eiece-

165 4369 247 4441 runt,
283 4379 351 4422 oum
388 4364 492 4426 omnia
526 4363 609 4426 circa
642 4364 777 4428 hostium
814 4367 908 4445 plena
930 4372 1044 4439 essent,
1066 4365 1224 4427 interlecti
1247 4374 1330 4428 sunt.
1374 4365 1420 4426 Ut

165 4461 341 4543 palantium
364 4463 409 4524 sic
431 4472 618 4527 moratorum
641 4465 838 4547 participium
862 4474 929 4530 est:
953 4487 990 4528 ne
1013 4466 1157 4528 similiter
1179 4467 1305 4528 caderet
1317 4466 1419 4528 exitus

165 4563 337 4644 utriusque,
371 4582 430 4626 non
446 4565 632 4645 palatorum,
654 4567 709 4628 sed
731 4567 905 4647 palantium
928 4567 1043 4630 dictum
1068 4575 1126 4628 est.
1169 4566 1274 4628 Aliter
1296 4569 1347 4642 22,
1369 4567 1420 4639 24,

164 4663 185 4726 8
217 4664 376 4744 equitatus
413 4666 543 4728 emissus
577 4666 641 4729 late
678 4668 803 4730 caedem
837 4668 1004 4748 fugamque
1036 4668 1171 4730 hostium
1194 4667 1419 4748 palatorum

165 4765 249 4828 iecit.
305 4763 371 4826 Nec
397 4767 560 4848 quisquam
583 4767 622 4830 ob
644 4769 674 4830 id
699 4787 810 4830 novum
834 4768 1064 4830 substantivum
1090 4768 1281 4852 (rpaletcrn)
1304 4769 1419 4848 fingere

164 4884 260 4929 ausus
282 4872 340 4928 est.
383 4867 530 4930 Interea
552 4868 718 4949 participia
739 4871 902 4932 verborum
926 4869 1158 4950 deponentium,
1182 4869 1293 4949 quibus
1308 4863 1419 4934 Livius
