3584 5632
373 683 413 736 qq
649 655 846 729 Epilegomena
866 653 902 709 ad
924 653 955 708 T.
980 653 1051 710 Livii
1075 653 1177 708 librum
1199 653 1329 723 primum.

373 854 452 914 viros
478 835 667 907 doctissimos
694 827 829 900 offendit,
852 826 896 887 sie
919 844 986 887 eum
1011 825 1080 887 aliis
1104 825 1178 888 locis
1200 833 1265 888 tum
1292 827 1319 898 l,
1341 825 1391 900 53,
1414 823 1436 884 4
1457 822 1497 884 ed
1520 819 1622 882 rerha

373 955 440 1017 illa:
468 941 663 1027 propinquam
693 930 797 992 urbem
821 917 1024 1007 nequicquam
1047 927 1077 987 vi
1101 928 1239 1000 adortus,
1262 945 1330 988 cunr
1354 921 1517 988 obsidendi
1539 939 1621 1003 quo-

373 1074 430 1138 que
462 1047 563 1110 urbem
597 1041 649 1097 ott.
683 1030 766 1092 »dele
799 1028 930 1089 fidenter
957 1035 1145 1108 postremam
1173 1047 1298 1090 vocem»
1320 1028 1406 1089 iubet
1429 1023 1617 1088 Gronovius.

373 1157 601 1225 Nonnumquam
630 1131 762 1195 deterior
789 1148 862 1209 pars
885 1129 1023 1190 codicum
1047 1128 1161 1190 criticis
1184 1129 1370 1202 adsentitur,
1392 1135 1429 1189 ut
1449 1126 1501 1197 28,
1522 1124 1577 1196 23,
1597 1121 1617 1184 6

374 1255 514 1338 perfugae
535 1263 554 1303 a
575 1235 713 1301 Gadibus
742 1236 892 1292 venerunt
920 1228 1102 1309 pollicentes
1131 1231 1236 1292 urbem
1261 1223 1473 1310 Punicumque
1495 1223 1617 1305 praesi-

373 1359 464 1425 dinm,
485 1344 562 1429 quod
584 1339 614 1400 iu
637 1353 673 1396 ea
695 1333 770 1394 urbe
793 1338 876 1392 esset
897 1367 937 1376 —
960 1331 1135 1411 prodituros
1154 1349 1231 1393 esse.
1266 1329 1508 1410 »Dispuuximas
1526 1325 1616 1388 ahlo-

372 1459 464 1522 tivum
486 1444 585 1514 urhe»,
607 1435 782 1500 Rhenanus.
827 1431 913 1493 »Non
938 1431 1018 1492 male
1040 1431 1116 1492 urhe
1139 1431 1292 1494 cancellat
1314 1430 1511 1502 Rhenanus»,
1534 1426 1617 1491 Gro-

372 1556 485 1624 nouus.
527 1544 578 1606 »ld
607 1533 760 1600 Gronovio
787 1552 846 1594 non
877 1532 969 1593 aliam
993 1523 1032 1594 ob
1055 1532 1206 1595 rationem
1229 1531 1397 1612 displicuit,
1420 1547 1511 1613 qnam
1535 1527 1616 1610 quod

373 1658 458 1724 „odo
479 1639 671 1730 praecessit»,
693 1632 925 1696 Drakenborch.
959 1634 1025 1695 Iam
1050 1633 1195 1696 omissum
1218 1631 1249 1697 in
1274 1634 1459 1714 quibusdam
1480 1631 1549 1693 odd.
1565 1647 1616 1690 re-

372 1765 430 1825 fert
451 1749 560 1817 Luchs,
582 1755 678 1818 neque
702 1754 737 1797 eo
760 1734 860 1796 minus
882 1743 997 1796 servat.

449 1854 498 1924 41,
520 1846 540 1908 4
566 1857 669 1904 cereus
697 1835 827 1916 primum
857 1835 1044 1915 conspicitur
1070 1837 1100 1897 in
1131 1837 1178 1898 ed.
1202 1837 1294 1898 Frob.
1317 1843 1442 1898 tacente
1465 1833 1616 1897 Rhenano

371 1965 406 2026 de
428 1940 644 2018 vormaciensi.
688 1938 799 2017 ltaque
826 1937 916 1998 credo
938 1937 1035 2010 illum,
1059 1946 1094 1998 ut
1117 1945 1235 2000 ceteros
1258 1938 1326 1998 cdd.
1350 1955 1369 1998 a
1392 1955 1440 1998 me
1462 1935 1511 1998 vel
1533 1933 1617 1995 Dra·

369 2059 457 2128 kenh.
479 2053 582 2116 lectos,
604 2041 717 2102 habere
740 2058 855 2110 omaus,
879 2037 958 2117 quod
982 2037 1076 2099 etiam
1100 2038 1162 2100 vidi
1184 2038 1215 2099 in
1239 2039 1308 2099 edd.
1333 2038 1360 2098 l.
1384 2039 1413 2100 3.
1436 2037 1510 2099 Ald.
1533 2036 1616 2114 Mag.

370 2163 440 2228 seh.
468 2154 582 2215 Tamen
610 2139 764 2218 scripture
786 2137 983 2200 Frobeniana
1004 2158 1059 2219 per
1081 2140 1142 2200 trie
1164 2140 1289 2202 saecula
1310 2139 1470 2201 intentata
1491 2134 1617 2208 mansit,

371 2267 462 2330 donee
490 2244 595 2314 Alsoh.
624 2239 827 2320 antiquiorem
859 2237 945 2300 illam
975 2240 1155 2316 vindicavit,
1179 2259 1266 2321 qnem
1291 2247 1417 2302 secutus
1440 2246 1491 2302 est
1510 2237 1617 2300 Weis-

370 2356 501 2429 sechia
527 2342 632 2428 primis
655 2341 735 2413 edd,
759 2347 793 2401 at
814 2340 845 2400 in
869 2339 978 2421 quinta
999 2341 1263 2404 Weidmanniana
1285 2359 1391 2404 versas
1413 2339 1563 2412 restituit,
1586 2338 1617 2398 in

371 2449 578 2530 Teubneriana
610 2442 758 2534 eiusdem
779 2441 851 2502 anni
874 2460 935 2503 non
957 2442 1043 2504 item.
1066 2441 1267 2506 Recentiores
1288 2461 1360 2505 vero
1383 2459 1490 2504 omnes
1512 2459 1617 2504 cereus

368 2564 486 2631 meum
516 2546 594 2631 quod
619 2542 741 2624 quidem
766 2561 833 2603 cum
858 2541 918 2603 alio
941 2544 1073 2624 quodam
1097 2543 1163 2606 loco
1186 2544 1317 2608 Liviano
1340 2543 1429 2606 unice
1451 2559 1617 2624 congruere

368 2659 480 2733 monuit
511 2644 684 2714 Drahonus
717 2641 795 2705 haec
825 2643 904 2704 enim
934 2645 972 2705 de
994 2645 1108 2706 Perseo
1131 2645 1277 2726 leguntur
1297 2645 1348 2720 40,
1371 2639 1401 2718 7,
1422 2643 1444 2708 8
1466 2663 1506 2706 ex
1527 2649 1616 2723 parte

368 2759 517 2845 superiore
550 2746 672 2810 aedium
705 2744 864 2824 versisque
891 2743 921 2805 in
951 2744 1032 2806 viam
1057 2746 1202 2808 fenestris
1227 2746 1443 2809 comissatores
1465 2779 1507 2792 -
1529 2743 1616 2806 aditu

368 2874 474 2932 ianuae
497 2856 589 2915 arcet.
624 2844 812 2907 Attulerunt
835 2844 969 2907 Gronov.
994 2855 1026 2906 et
1046 2846 1206 2910 Drakenb.
1229 2849 1268 2910 ad
1291 2846 1342 2920 36,
1360 2840 1444 2920 lid
1465 2845 1616 2926 alioquo-

369 2985 425 3052 φη
456 2950 597 3030 exempla
630 2945 833 3018 concinentia,
867 2965 904 3007 ac
924 2947 1113 3008 ‘firmissima
1141 2967 1216 3010 sane
1246 2957 1329 3010 esset
1353 2948 1409 3010 illa
1432 2946 1535 3020 lectio,
1558 2945 1615 3007 nisi

368 3065 499 3133 ecdicum
531 3047 738 3130 repugnantia
771 3046 933 3126 scrupulus
966 3047 1151 3110 iniiceretnr.
1195 3049 1332 3112 Rectene
1366 3055 1471 3111 autem
1505 3047 1617 3109 dicitnr

366 3155 511 3240 maquil
534 3149 680 3232 populum
704 3167 743 3210 ex
765 3147 921 3227 superiore
951 3156 1040 3227 parte
1062 3150 1183 3212 aedium
1203 3170 1258 3230 per
1275 3153 1430 3213 fenestras
1445 3150 1476 3211 in
1495 3149 1616 3210 Novem

367 3272 443 3334 vim
466 3273 570 3319 nereus
593 3249 738 3329 adloqui?
760 3249 1004 3340 Triplexligitur
1026 3259 1074 3312 est
1097 3251 1154 3313 loci
1178 3252 1360 3332 descriptio:
1383 3270 1422 3313 ex
1440 3269 1509 3332 sup.
1527 3256 1615 3330 parte

367 3365 493 3436 metum,
529 3371 583 3433 per
616 3352 780 3424 fenestras,
813 3350 844 3412 in
874 3351 912 3410 N.
942 3351 1022 3412 viam
1046 3371 1163 3414 versus.
1207 3353 1339 3435 Singula
1360 3352 1483 3434 qnidam
1506 3370 1563 3431 per
1584 3369 1615 3412 se

366 3471 403 3536 ,d
434 3459 560 3524 verbum
594 3450 772 3532 adloquitur
798 3452 960 3513 referenda
989 3460 1071 3526 sunt,
1094 3461 1199 3516 tamen
1222 3454 1269 3516 ita
1291 3454 1468 3528 cohaerent,
1490 3460 1536 3525 ut,
1558 3450 1614 3513 nisi

366 3569 491 3656 primum
522 3562 554 3618 et
581 3553 749 3615 secundum
783 3553 1014 3632 praecederent,
1042 3555 1169 3616 tertium
1193 3573 1376 3636 suspensum
1400 3561 1432 3617 et
1454 3553 1615 3616 obscurum

366 3673 454 3737 esset,
482 3657 541 3729 vel,
564 3662 600 3716 ut
622 3653 668 3714 ait
689 3654 818 3735 Madvig
839 3653 870 3714 in
894 3655 940 3715 ed.
965 3654 1074 3732 priore,
1097 3655 1225 3718 ridicule
1248 3657 1411 3718 diceretur.
1455 3655 1523 3716 lam
1545 3671 1615 3715 vero

366 3761 530 3856 quaeritur,
564 3762 667 3817 utrum
701 3754 804 3834 potius
833 3755 875 3816 sit
897 3754 1116 3818 describendus
1139 3758 1218 3819 situs
1242 3759 1458 3829 fenestrarum,
1481 3775 1521 3818 en
1545 3771 1616 3816 nar·

365 3867 500 3939 medum,
534 3873 626 3938 quam
659 3855 691 3916 in
724 3861 846 3935 partem
880 3855 1034 3936 Tanaquil
1063 3876 1102 3919 ex
1127 3859 1283 3938 superiore
1305 3867 1395 3939 parte
1418 3857 1541 3919 aedium
1565 3873 1618 3934 per

366 3970 516 4039 &uestras
537 3956 684 4038 populum
709 3957 879 4037 adloquens
902 3977 935 4016 se
958 3959 1153 4020 converterit.
1198 3960 1265 4022 Hoc
1288 3959 1410 4040 quidem
1434 3977 1494 4020 non
1517 3957 1617 4020 minus

366 4076 467 4152 ,ptum
497 4059 630 4121 videtur.
674 4056 721 4119 At
748 4058 849 4120 altera
876 4057 936 4119 iam
967 4057 1064 4120 oritur
1087 4061 1238 4140 quaestio,
1261 4079 1333 4123 num
1356 4059 1563 4140 praecedente
1584 4057 1618 4119 iu

365 4179 408 4239 ies
429 4168 511 4226 recte
534 4159 669 4221 addatur
691 4179 807 4231 versus,
831 4166 865 4221 ut
887 4157 963 4220 nihil
986 4158 1070 4222 aliud
1093 4161 1135 4222 sit
1158 4161 1216 4224 nisi
1239 4161 1430 4235 adverbium,
1454 4178 1513 4241 qno
1533 4157 1616 4222 notio

365 4259 538 4338 directionis
572 4259 684 4322 clarius
718 4267 750 4322 et
783 4259 960 4322 distinctius
993 4260 1194 4339 exprimatur.
1238 4263 1316 4325 Esse
1344 4261 1526 4325 anim'illud
1549 4277 1616 4322 oum

366 4361 642 4458 praepositionibus
674 4361 706 4422 in
739 4361 788 4423 vel
822 4361 862 4422 ad
894 4360 1088 4424 coniunctum
1118 4365 1240 4444 propn'e
1264 4363 1461 4444 participium
1485 4367 1618 4432 constat,

365 4470 448 4536 velut
469 4459 499 4536 9,
522 4462 552 4535 2,
576 4462 614 4523 lh
638 4461 752 4524 milites
775 4463 815 4524 ad
835 4461 1021 4543 praetorium
1041 4464 1122 4526 versi
1138 4483 1226 4545 opem
1242 4465 1281 4527 ab
1294 4465 1424 4528 ducibus
1437 4469 1618 4545 exposcunt,

369 4579 393 4648 1,
417 4565 464 4638 18,
487 4562 507 4625 6
534 4563 573 4624 ad
603 4562 761 4626 meridiem
790 4582 897 4626 versus
921 4564 1068 4626 consedit.
1114 4565 1177 4629 cio.
1201 4566 1287 4628 Lael.
1311 4566 1361 4640 25,
1385 4565 1480 4628 941⁸
1502 4565 1618 4645 primus

365 4663 499 4739 instituit
526 4663 556 4725 in
586 4665 684 4726 forum
713 4683 821 4726 versus
850 4682 940 4744 agere
965 4683 1030 4726 cum
1055 4666 1177 4746 populo.
1222 4667 1303 4730 Plio.
1326 4687 1355 4730 n.
1379 4667 1409 4728 h.
1434 4667 1482 4740 lo,
1505 4667 1556 4740 43,
1577 4665 1619 4728 60

367 4763 701 4849 1⁸(corvus)mature
724 4766 857 4828 sermoni
880 4765 1081 4829 adsuefactus
1103 4767 1245 4830 omnibus
1269 4768 1431 4830 matutinis
1449 4766 1619 4830 evolansin

372 4873 466 4941 esua
487 4864 518 4928 in
541 4868 641 4930 forum
664 4885 772 4929 versus
795 4901 836 4914 -
858 4873 1071 4930 transeuntem
1094 4869 1241 4950 populum
1257 4870 1433 4934 Romanum
1448 4868 1619 4932 salutabat.
