3574 5632
371 591 571 662 Epilegomene
592 591 628 646 ad
651 593 682 648 T.
707 592 778 648 bivii
800 593 903 646 librum
927 591 1087 647 vicesimum
1110 589 1239 660 primum.
1420 585 1436 639 9

178 765 272 836 lauis,
308 764 473 828 novissime
506 765 647 846 Pompeii
681 774 713 828 et
735 765 879 829 Caesaris
902 763 1055 837 manibus,
1079 761 1167 843 quasi
1189 782 1243 842 per
1265 761 1382 825 rabiem
1407 767 1439 823 et

180 867 316 928 furorem
351 873 450 928 semet
467 867 534 947 ipse
556 867 715 930 laceravit.
760 867 795 929 In
819 867 878 928 bac
900 871 992 927 tanta
1013 863 1210 944 proclivitate
1233 864 1273 926 ad
1296 861 1438 924 nomina-

178 966 280 1029 tivum
314 966 503 1046 pronominis
535 967 619 1029 illius
653 967 889 1030 demonstrativi
923 965 1134 1046 usurpandum
1169 964 1264 1027 etiarn
1289 983 1382 1044 «quos
1406 970 1437 1024 et

181 1067 250 1147 ipse
272 1076 440 1142 senserat»,
464 1069 516 1130 ubi
539 1088 633 1150 equos
656 1076 689 1131 et
710 1069 795 1150 ipsos
817 1075 975 1130 senserat»
999 1072 1243 1146 exspectaretur,
1266 1063 1358 1128 scribi
1382 1082 1439 1144 po-

182 1168 282 1231 tuisse
305 1168 454 1249 suspicor.

269 1269 361 1344 24,5
392 1279 521 1352 movete
554 1289 660 1334 omnes
694 1272 762 1334 edd.
787 1279 860 1334 ante
882 1271 970 1344 Als.;
993 1269 1037 1332 sio
1059 1268 1153 1330 etiam
1177 1268 1207 1341 3,
1228 1269 1260 1342 4,
1282 1266 1312 1342 6;
1335 1267 1365 1340 4,
1387 1266 1438 1338 48,

183 1368 214 1446 9;
248 1371 298 1445 32,
332 1372 382 1444 32,
415 1370 445 1446 6;
478 1371 530 1445 42,
562 1372 613 1444 43,
646 1373 666 1433 2
700 1371 873 1455 (peccatine
909 1372 936 1445 l,
959 1373 988 1444 2,
1011 1369 1057 1453 3),
1078 1379 1247 1451 precanter
1265 1370 1335 1442 cM,
1358 1368 1437 1449 quod

182 1470 274 1550 primi
309 1471 473 1534 ediderunt
504 1473 594 1534 st.
618 1483 650 1535 et
672 1475 757 1553 Mvg,
791 1474 925 1552 probant
947 1473 1030 1533 Hrw.
1054 1470 1177 1551 aliique.
1222 1469 1345 1533 Similia
1367 1476 1440 1530 sunt

182 1592 221 1634 ex
248 1573 350 1635 verbis
384 1573 520 1636 ciusdem
555 1574 779 1654 coniugationis
813 1573 961 1636 adverbia
994 1579 1145 1643 amanter,
1180 1579 1369 1644 constanter,
1392 1570 1438 1630 in-

185 1681 375 1747 constanter,
414 1675 606 1749 dubitanter,
646 1675 869 1747 indubitanter,
911 1673 1153 1746 dissimulanter,
1186 1672 1440 1752 praecipitanter,

184 1774 256 1835 alia.
310 1774 448 1837 Primum
483 1777 565 1854 apud
599 1776 720 1838 Livium
758 1776 914 1838 exsistunt
937 1780 1119 1836 cunctanter
1142 1781 1173 1834 et
1195 1781 1439 1852 perseveranter.

185 1874 312 1955 Triplex
347 1875 484 1937 adverbii
509 1879 608 1938 forma
631 1896 689 1939 non
713 1877 856 1939 inaudita
878 1883 943 1938 est:
967 1874 1124 1948 festinate,
1144 1874 1327 1948 festinatim,
1351 1871 1440 1936 festi-

187 1983 308 2038 uenter.

270 2075 363 2150 25,9
391 2078 586 2161 praecipitat
619 2080 703 2159 Mvg,
738 2080 788 2160 qui
819 2081 966 2140 adnotat:
990 2079 1044 2152 «P,
1066 2079 1163 2143 Drak.
1187 2076 1441 2157 praecipitatus».

185 2178 213 2239 P
246 2177 353 2240 efferri
388 2197 447 2239 non
481 2179 626 2252 debebat,
661 2199 730 2240 nam
766 2179 824 2242 hoc
861 2180 926 2241 loco
955 2178 1057 2240 nullus
1080 2186 1143 2255 est;
1166 2179 1220 2240 sed
1243 2187 1308 2239 tum
1332 2175 1441 2257 reliqui

186 2279 254 2340 odd.
290 2285 356 2340 tum
380 2297 486 2341 ornnes
509 2281 578 2341 edd.
602 2288 726 2359 praeter
749 2300 864 2360 paucas
887 2279 1117 2341 recentissimas
1135 2278 1367 2362 praecipitatus
1389 2285 1442 2339 tu·

186 2387 293 2454 eutur;
316 2399 399 2453 uam,
423 2382 503 2460 quod
528 2381 701 2443 coniecerat
724 2381 831 2455 Gron,
850 2380 1094 2464 praecipitatur,
1115 2379 1207 2442 st.
1231 2387 1263 2440 et
1284 2379 1363 2440 wn.
1387 2379 1443 2440 de-

189 2499 272 2542 mum
295 2480 326 2542 in
350 2487 529 2542 contextum
553 2489 745 2561 receperunt.
790 2482 861 2552 Qua
884 2484 920 2544 de
944 2501 975 2542 re
999 2489 1034 2542 ut
1057 2479 1344 2554 certiusiudicetur,
1356 2478 1442 2540 verbi

184 2581 268 2644 illius
302 2600 376 2643 usus
409 2582 502 2660 paulo
535 2582 711 2644 accuratius
747 2583 974 2664 cognoscendus
1008 2591 1065 2644 est.
1111 2581 1179 2643 Non
1202 2581 1300 2642 solum
1323 2580 1442 2652 Livius,

185 2683 240 2744 sed
264 2681 369 2744 etiam
403 2681 456 2744 alii
480 2683 618 2764 plerique
641 2691 673 2744 et
695 2692 806 2763 poetae
830 2691 861 2746 et
883 2683 1004 2745 solutae
1027 2682 1175 2745 orationis
1198 2682 1365 2762 scriptores
1389 2701 1441 2742 ac-

188 2783 253 2843 tivo
281 2783 523 2867 praecipitandi
545 2785 639 2846 verbo
662 2803 717 2862 pro
739 2784 936 2846 intransitive
962 2792 1099 2846 utuntur.
1143 2784 1248 2845 Plaut.
1273 2784 1356 2844 Trin.
1380 2781 1441 2844 265

187 2885 268 2945 Nam
304 2884 355 2964 qui
388 2885 418 2946 in
454 2903 587 2946 anrorenr
625 2885 852 2966 praecipitavit,
886 2885 974 2965 peius
1007 2885 1088 2965 perit
1122 2884 1210 2966 quasi
1239 2903 1315 2946 saxo
1338 2884 1442 2956 saliat,

187 2985 278 3046 Lucr.
311 2985 341 3057 4,
364 2984 426 3048 626
448 2983 571 3068 (sucus)
595 2987 735 3048 deorsum
760 3007 814 3066 per
836 2988 942 3048 fauces
965 2986 1195 3066 praecipitavit,
1218 2985 1247 3059 6,
1269 2983 1331 3047 292
1354 2985 1442 3048 vide-

188 3093 239 3148 tur
273 3086 381 3148 aether
414 3087 624 3166 praecipitans
659 3088 697 3149 ad
732 3087 877 3150 diluviem
912 3089 1060 3161 revocari,
1094 3087 1181 3167 Virg.
1204 3088 1284 3149 Aen.
1311 3089 1358 3159 10,
1381 3087 1443 3148 804

188 3188 290 3264 effusa
322 3187 472 3267 grandine
506 3188 601 3249 nimbi
635 3188 853 3268 praecipitent,
876 3189 905 3261 4,
928 3189 986 3250 251
1012 3189 1140 3252 flumine
1163 3195 1266 3251 mento
1289 3188 1443 3267 praecipi-

187 3296 258 3350 tant
293 3287 386 3361 senis,
422 3289 469 3360 11,
492 3282 554 3350 617
587 3289 748 3352 Aconteus
783 3290 970 3369 praecipitat
1003 3290 1103 3370 longe,
1136 3291 1166 3362 2,
1189 3287 1209 3351 9
1232 3308 1292 3351 uox
1315 3288 1443 3350 humida

188 3389 273 3452 caelo
306 3386 504 3469 praecipitat,
539 3389 602 3453 Cic.
636 3390 730 3470 Legg.
764 3392 837 3465 2,3
869 3391 1022 3454 Fibrenus
1055 3391 1242 3470 praecipitat
1269 3389 1298 3450 iu
1329 3390 1443 3463 Lirem,

187 3491 265 3570 Rep.
299 3489 329 3563 6,
365 3489 404 3552 18
436 3490 527 3552 Nilus
564 3491 752 3571 praecipitat
785 3511 823 3554 ex
857 3491 1017 3554 altissimis
1046 3492 1212 3564 urentibus,
1235 3493 1275 3553 N.
1287 3492 1327 3554 D.
1353 3494 1379 3566 1,
1402 3493 1443 3554 32

187 3591 400 3672 Praecipitare
423 3591 504 3654 istuc
526 3592 649 3673 quidem
674 3600 732 3665 est,
755 3613 814 3655 non
838 3595 1035 3666 descendere,
1056 3594 1104 3656 De
1127 3613 1170 3655 or.
1193 3595 1223 3666 3,
1241 3591 1283 3654 48
1304 3593 1335 3654 in
1360 3594 1443 3656 amni

188 3691 425 3773 praecipitante,
459 3693 488 3765 3,
521 3693 562 3756 55
595 3694 640 3756 sol
674 3693 894 3774 praecipitans,
928 3694 1018 3756 Caes.
1042 3695 1071 3756 b.
1095 3715 1120 3756 o.
1144 3695 1173 3768 3,
1197 3695 1236 3756 25
1259 3694 1357 3756 hiems
1379 3695 1441 3758 iam

187 3792 459 3875 praecipitaverat.
515 3793 638 3857 Liviani
673 3802 792 3874 septem
827 3795 918 3858 buius
951 3795 1070 3875 generis
1100 3795 1157 3858 loci
1181 3795 1297 3858 nullam
1321 3803 1444 3858 contro-

188 3893 321 3957 versiam
354 3892 523 3974 recipiunt:
557 3895 764 3976 praecipitare
797 3896 828 3958 iu
857 3896 987 3958 insidias
1010 3899 1040 3972 2,
1062 3897 1113 3970 51,
1136 3897 1155 3958 5
1178 3904 1211 3959 et
1232 3896 1262 3970 6,
1285 3898 1336 3970 30,
1358 3897 1388 3970 4,
1411 3897 1442 3959 in

188 3998 304 4060 fossam
332 3995 383 4068 25,
408 3996 456 4068 11,
479 3994 510 4069 6,
532 3996 563 4058 iu
586 4005 713 4076 puteum
737 4005 878 4077 apertum
903 3992 953 4070 27,
979 3997 1027 4071 16,
1049 3998 1079 4070 4,
1101 3998 1133 4060 iu
1156 3997 1268 4060 vallem
1292 3997 1442 4062 insessam

188 4098 228 4158 ab
261 4096 404 4159 hostibus
426 4096 477 4170 43,
500 4099 550 4170 23,
572 4099 602 4174 4;
626 4098 757 4181 denique
780 4097 830 4173 39,
853 4101 882 4172 2,
906 4100 925 4160 3
949 4099 1191 4178 praecipitantes
1214 4101 1368 4180 fugerunt,
1392 4093 1443 4172 27,

186 4198 238 4272 40,
271 4200 291 4260 3
325 4198 544 4278 praecipitavit
576 4199 720 4262 Romane
752 4220 809 4262 res.
865 4200 998 4263 Accedit
1028 4201 1127 4262 forma
1149 4200 1275 4280 passiva
1298 4202 1327 4273 3,
1350 4201 1443 4274 43,5

188 4299 345 4362 Nuntiaut
377 4298 617 4379 praecipitatum
645 4302 677 4364 in
699 4301 829 4364 insidias
853 4321 929 4364 essa.
973 4301 1128 4364 Narratur
1150 4301 1198 4363 bis
1221 4301 1295 4363 loeis
1318 4303 1356 4364 de
1379 4303 1443 4364 ior-

187 4408 274 4474 tuua‚
309 4419 411 4481 aqna
434 4408 466 4462 et
488 4401 579 4481 culpa
597 4410 629 4464 et
651 4403 811 4466 consilium
835 4403 934 4464 abest.
978 4403 1025 4464 De
1048 4401 1086 4463 iis
1109 4421 1191 4476 vero,
1215 4422 1293 4483 quae
1317 4403 1442 4466 consilio

189 4509 222 4564 et
254 4501 361 4564 dedita
387 4521 482 4581 opera
506 4502 552 4564 vel
576 4503 689 4566 delicto
712 4505 873 4566 commisso
896 4504 984 4576 fiunt,
1007 4503 1121 4565 dicitnr
1143 4524 1176 4566 se
1199 4502 1360 4586 (aliquem,
1384 4503 1443 4566 ali-

189 4602 279 4682 quid)
313 4602 517 4684 praecipitare
552 4604 599 4686 (in
633 4605 745 4686 iguem,
778 4605 809 4667 in
838 4604 977 4678 fluvium,
1001 4606 1038 4666 de
1061 4613 1146 4666 turre
1169 4605 1244 4686 cet.)
1267 4605 1297 4678 4,
1322 4606 1370 4679 12,
1395 4606 1443 4680 11;

188 4705 239 4778 21,
275 4705 323 4778 14,
358 4706 385 4778 1;
419 4705 469 4776 23,
495 4703 542 4778 19,
565 4704 595 4780 6;
628 4707 679 4778 23,
702 4701 753 4779 37,
775 4705 805 4780 5;
838 4703 890 4778 39,
914 4706 963 4780 10,
985 4705 1015 4779 8;
1037 4705 1089 4779 41,
1115 4705 1162 4778 11,
1185 4706 1214 4767 4.
1258 4705 1388 4768 Pessive
1411 4713 1444 4768 et

188 4805 341 4868 translate
364 4807 415 4879 22,
440 4806 488 4880 12,
514 4806 549 4868 11
575 4807 614 4868 ad
637 4807 859 4886 rempublicam
879 4807 1157 4888 praecipitandam.
1201 4807 1248 4868 De
1268 4815 1442 4872 usuautern
