3574 5632
371 612 388 670 2
567 613 764 689 Epilegomeua
787 618 822 674 ad
845 615 876 673 T.
901 614 972 672 Livii
997 618 1098 676 librum
1122 618 1280 676 vicesimum
1305 621 1434 693 primunr.

370 795 429 876 (Ρ,
453 794 493 868 O,
515 795 565 867 Μ)
589 794 778 874 significabo.
827 795 886 856 Est
920 793 1041 875 quidem
1074 795 1195 857 omnino
1229 795 1418 877 singularum
1454 795 1623 857 editionum

369 896 524 975 scriptura
556 895 639 957 haud
673 895 775 975 magni
810 895 967 970 momenti,
1001 903 1105 958 tamen
1134 916 1193 958 non
1224 897 1331 976 paucis
1354 917 1469 969 eorum,
1492 895 1544 978 qui
1568 897 1625 958 hos

369 997 463 1059 libros
486 997 557 1058 olim
582 997 716 1058 edendos
740 1003 934 1070 curaverunt,
955 997 1171 1076 opportunitas
1187 998 1247 1059 fuit
1262 999 1458 1060 membranas
1478 997 1624 1070 adeundi,

370 1118 448 1180 quae
471 1098 531 1158 iam
555 1098 722 1178 perierunt,
757 1097 915 1178 multaque
944 1117 1010 1158 cum
1042 1117 1060 1158 a
1087 1098 1244 1160 veteribus
1267 1099 1395 1160 inventa
1418 1120 1454 1160 ac
1477 1099 1623 1160 diuturno

369 1219 425 1262 usu
460 1199 676 1260 commendata
704 1208 768 1260 tum
799 1218 816 1258 a
839 1198 1060 1260 recentioribus
1083 1199 1159 1260 artis
1183 1200 1307 1261 criticae
1331 1200 1478 1262 studiosis
1501 1199 1623 1279 magnis

368 1299 530 1382 plausibus
564 1300 741 1380 excogitata
772 1299 803 1360 in
838 1299 939 1360 dubiis
973 1300 1155 1378 praesertim
1190 1301 1281 1362 rebus
1311 1301 1405 1382 digna
1433 1309 1516 1362 certe
1539 1309 1623 1370 sunt,

370 1421 448 1483 quae
471 1401 645 1462 indicentur
668 1409 699 1462 et
721 1402 961 1480 perpendantur.
1009 1400 1110 1461 Nihilo
1134 1401 1234 1462 minus
1258 1410 1349 1463 tanta
1372 1402 1544 1463 auctoritas
1574 1409 1622 1461 est

369 1502 505 1565 codicum
541 1501 736 1582 optimorum,
770 1509 815 1572 ut,
849 1500 907 1562 nisi
940 1501 970 1561 in
1001 1520 1061 1580 qua
1088 1521 1120 1563 re
1149 1504 1187 1563 ad
1212 1503 1417 1582 corruptelam
1441 1501 1623 1581 proclivitas

369 1603 536 1665 manifesta
570 1601 612 1664 sit
644 1611 700 1664 aut
733 1610 859 1681 apertus
895 1620 978 1663 error
1006 1602 1163 1674 fortuitus,
1198 1611 1302 1665 nostro
1324 1603 1389 1664 iure
1412 1603 1450 1664 iis
1474 1602 1620 1664 maiorem

368 1705 459 1766 fidem
493 1703 664 1766 habeamus
693 1721 783 1784 quam
813 1701 928 1782 ingenii
951 1702 1073 1764 levitati
1097 1710 1190 1783 atque
1214 1705 1411 1783 arrogantiae
1435 1704 1620 1765 criticorum.

369 1805 478 1868 Certos
502 1803 608 1885 utique
631 1805 778 1866 terminos
800 1803 831 1864 in
856 1802 1037 1865 coniecturis
1054 1804 1328 1866 commemorandis
1343 1805 1418 1866 mihi
1433 1805 1619 1865 constituam

369 1914 401 1968 et
434 1913 598 1968 contentus
633 1926 693 1978 ero,
727 1905 753 1966 si
783 1924 819 1964 ea
847 1905 926 1983 ipsa,
961 1923 1038 1984 quae
1067 1905 1096 1965 iu
1121 1925 1268 1984 praesens
1291 1905 1424 1967 maxime
1448 1904 1622 1966 necessaria

367 2015 450 2080 sunt,
473 2007 589 2068 dixero.

456 2209 483 2281 l,
505 2209 525 2269 2
548 2206 746 2270 conserebant
770 2207 828 2270 CM
852 2207 905 2290 (ut
927 2209 964 2270 de
986 2209 1020 2270 M
1048 2227 1086 2268 ex
1115 2208 1237 2269 silentio
1266 2207 1458 2270 Alschefskii
1488 2207 1621 2286 colligo).

367 2310 490 2374 Dicitur
512 2308 603 2390 vulgo
627 2328 747 2382 manus,
771 2309 898 2370 dextras
922 2328 1090 2381 conserere,
1113 2308 1187 2370 item
1212 2310 1279 2388 (21,
1302 2309 1352 2381 50,
1375 2310 1410 2386 3)
1435 2308 1524 2369 navis
1549 2327 1622 2368 con·

368 2411 490 2483 seritur,
515 2429 624 2490 nempe
648 2410 686 2470 ad
710 2429 856 2489 pugnam,
879 2418 943 2471 tum
969 2409 1150 2488 simpliciter
1172 2429 1318 2491 pugnam,
1341 2408 1500 2489 proelium,
1520 2416 1623 2469 certa-

368 2532 448 2586 men,
481 2511 596 2572 bellum
632 2529 804 2583 conserere;
840 2529 898 2590 quo
932 2511 998 2590 ipso
1028 2511 1117 2572 modo
1146 2529 1270 2572 manum
1301 2510 1493 2572 committere
1518 2509 1621 2582 alicui,

368 2614 478 2675 deinde
501 2631 646 2693 pugnam,
671 2619 826 2672 certamen
851 2617 909 2671 cet.
934 2610 1135 2672 committere.
1180 2611 1291 2692 Itaque
1314 2612 1395 2672 inter
1417 2631 1448 2672 re
1465 2630 1624 2672 conserere

369 2723 417 2776 est
449 2713 532 2775 inter
564 2732 596 2773 se
625 2711 784 2792 implicare
813 2713 852 2773 ad
877 2721 1043 2784 certamen,
1078 2711 1165 2792 quasi
1189 2712 1320 2791 quodam
1345 2712 1466 2773 vinculo
1491 2711 1623 2772 circum-

369 2815 443 2877 dato
465 2814 546 2876 inter
569 2833 601 2874 se
624 2813 749 2894 iungere
773 2813 811 2873 ad
835 2813 1045 2893 pugnandum.
1090 2813 1256 2875 Translate
1280 2823 1382 2875 autem
1403 2811 1624 2894 haudipnotae

370 2913 442 2977 belli
475 2924 557 2976 ertea
586 2915 666 2975 inter
690 2934 752 2975 reae
774 2934 931 2975 conserere
954 2913 1074 2994 proprie
1098 2914 1136 2974 ad
1162 2933 1297 2993 pugnarn
1320 2914 1402 2976 inter
1424 2934 1456 2975 se
1480 2913 1623 2974 commit-

369 3027 445 3088 tere,
478 3015 509 3077 in
544 3023 699 3076 certamen
735 3015 894 3086 coniicere,
928 3014 947 3075 i.
977 3035 1002 3075 e.
1033 3015 1217 3076 contendere
1244 3015 1327 3076 inter
1349 3035 1382 3076 se
1406 3013 1477 3076 belli
1501 3013 1623 3074 artibus

371 3137 451 3190 usos,
475 3115 548 3178 belli
572 3116 691 3177 artibus
715 3123 900 3176 concertare.
945 3115 995 3175 Ita
1018 3135 1089 3176 vero
1113 3115 1261 3196 scriptum
1285 3115 1406 3177 invenio
1429 3115 1459 3176 in
1480 3115 1623 3176 omnibus

371 3221 434 3280 t'ere
458 3218 526 3280 edd.
550 3217 595 3295 ll.
618 3217 647 3278 3.
670 3217 752 3296 Meg.
775 3216 849 3277 Ald.
873 3217 964 3277 Frob.
989 3217 1079 3297 cett.)
1113 3236 1208 3296 usque
1242 3217 1282 3277 ad
1315 3217 1495 3279 hodiernum
1531 3214 1622 3288 diem,

371 3319 510 3399 exceptis
532 3317 590 3390 his,
614 3317 643 3378 in
668 3317 780 3398 quibus
804 3325 852 3378 est
874 3315 1093 3402 conferebant:
1114 3317 1227 3378 Venet.
1249 3309 1337 3390 1777,
1359 3317 1516 3378 Manhem.
1532 3308 1622 3386 1779,

371 3419 491 3482 Stroth.
514 3417 595 3499 Rup.
619 3417 725 3490 Giov.‚
759 3418 889 3498 denique
923 3418 1029 3478 Madv.
1058 3419 1104 3479 ed.
1129 3421 1158 3480 3.
1207 3418 1312 3480 Etiam
1345 3438 1384 3480 ex
1412 3418 1458 3478 ed.
1488 3417 1619 3498 quadam

371 3520 538 3582 Parisiensi
563 3529 635 3580 ante
659 3519 755 3580 Modii
778 3526 914 3580 aetatem
938 3518 1015 3580 haec
1038 3519 1163 3599 scriptio
1194 3521 1326 3580 refertur
1355 3526 1448 3600 atque
1472 3537 1512 3579 ex
1533 3517 1621 3577 vilis-

371 3621 448 3683 simo
478 3622 542 3682 cod.
571 3620 750 3692 Harleiano‚
785 3619 835 3701 qui
865 3639 914 3680 an.
942 3619 1021 3680 1454
1044 3629 1190 3682 exaratus
1214 3627 1270 3682 est.
1316 3619 1551 3700 Coniunguntur
1572 3618 1620 3679 in-

371 3722 492 3783 terdum
518 3741 553 3782 ea
586 3721 691 3793 verba,
725 3730 758 3781 ut
788 3721 838 3793 21.Ι
867 3720 917 3792 50,
948 3720 962 3780 1
999 3739 1156 3782 conserere
1179 3740 1312 3800 pugnam
1338 3729 1429 3782 etex
1453 3719 1623 3799 propinquo

372 3823 453 3884 vires
476 3822 613 3884 conferre
636 3820 692 3903 (cf.
716 3822 746 3894 4,
769 3815 819 3894 27,
843 3820 888 3904 5).
932 3821 1025 3882 Falso
1049 3822 1239 3901 scripserunt
1270 3821 1408 3883 nonnulli
1436 3819 1486 3892 26,
1509 3817 1560 3892 39,
1585 3821 1622 3880 12

373 3923 574 3985 conferebant
596 3941 634 3984 ex
667 3922 837 4003 propinquo
871 3941 1015 4001 pugnam.
1070 3922 1116 3983 At
1150 3922 1222 3986 Seu.
1251 3921 1333 3984 Dial.
1364 3923 1392 3995 l,
1420 3923 1450 3995 3,
1478 3921 1497 3981 3
1530 3920 1622 3982 Alius

373 4023 648 4104 circumspiciatur,
672 4043 739 4084 cum
764 4042 823 4103 quo
847 4024 983 4084 conterre
1006 4023 1160 4102 possimus
1183 4042 1323 4085 manum:
1355 4023 1452 4103 pudet
1480 4021 1622 4101 congredi

373 4144 440 4188 cum
464 4124 587 4187 homine
610 4123 690 4185 vinci
714 4130 833 4204 parato.
870 4121 959 4184 Vires
982 4122 1123 4209 conferre
1137 4131 1186 4186 est
1199 4124 1368 4205 periculum
1385 4123 1494 4185 virium
1511 4124 1622 4197 lacere,

372 4226 402 4288 in
427 4225 594 4288 certamine
617 4225 697 4286 vires
720 4244 792 4285 suas
816 4224 958 4304 experiri,
977 4246 1067 4285 arrae
1089 4225 1170 4286 inter
1191 4246 1222 4287 re
1244 4223 1396 4310 conferre,
1419 4232 1557 4286 uterusu
1572 4243 1623 4286 ar·

373 4347 490 4390 morum
525 4326 664 4406 superior
697 4325 747 4398 sit,
782 4325 923 4405 experiri.
974 4324 1094 4396 Quibus
1123 4327 1205 4388 inest
1233 4326 1432 4405 comparandi
1454 4325 1510 4386 vis.
1556 4326 1622 4388 Hoc

373 4436 476 4491 antem
506 4428 572 4490 loco
600 4447 658 4489 non
689 4428 726 4488 de
750 4427 980 4507 comparatione
1003 4426 1076 4488 belli
1099 4427 1210 4489 artium
1236 4427 1395 4507 utriusque
1418 4426 1535 4507 populi,
1569 4426 1622 4487 sed

372 4533 410 4592 de
433 4527 670 4592 concertationis
693 4528 781 4589 nrodo
804 4527 916 4607 egitur.

458 4632 486 4704 1,
509 4631 528 4692 5
550 4627 900 4712 SicilieSerde’ne‘aque
922 4628 1072 4690 arrisere:
1095 4650 1167 4690 narn
1189 4638 1217 4690 et
1238 4627 1435 4691 Siciliam-
1449 4649 1623 4690 eonceeeam

373 4742 401 4792 et
422 4730 608 4794 Sardiniam
632 4766 672 4776 -
694 4731 905 4812 interceptam.
950 4729 1153 4791 Scribendum
1177 4730 1300 4792 videtur
1326 4728 1484 4808 Madvigio
1511 4727 1624 4792 Sr'cr'le‘a

373 4866 414 4877 —-
437 4853 629 4904 eoncearnm3
650 4832 703 4892 sed
728 4831 858 4892 alterum
883 4829 957 4890 illud
983 4830 1123 4908 postulat
1145 4838 1210 4892 tum
1230 4829 1430 4912 congruentia
1443 4829 1624 4910 participio-
