3584 5632
455 611 658 684 Epilsgomena
676 611 711 665 ed
735 606 767 666 Τ.
790 608 862 664 Livii
884 608 987 664 librum
1009 608 1139 678 primum.
1388 605 1426 660 73

167 785 207 846 In
230 782 279 845 his
301 800 408 844 verum
431 800 451 843 a
472 781 552 844 falso
575 801 634 846 nou
659 779 750 844 laoile
772 779 965 844 discernitur.
1000 779 1131 842 Poterat
1152 778 1210 841 hoc
1227 779 1293 840 loco
1310 773 1430 840 nullius

168 882 421 971 magnificentiae
453 884 578 964 apponi,
612 891 646 944 nt
679 881 888 962 explicaretur
918 881 968 942 vel
996 880 1176 943 definiretur
1203 878 1429 961 quodammodo

169 1007 208 1048 ae
235 984 347 1048 torem
375 984 510 1068 quidm,
540 991 645 1065 atque,
674 991 709 1044 ut
734 983 780 1056 lit,
810 981 923 1062 partim
953 990 1027 1044 ante
1050 981 1163 1062 partim
1187 988 1259 1062 post
1280 979 1356 1041 illud
1380 981 1429 1042 in-

172 1085 297 1150 culcari.
340 1085 419 1146 Item
449 1085 563 1166 potuit,
586 1085 611 1146 si
634 1084 710 1147 illud
733 1084 880 1163 scriptum
906 1083 1027 1155 fuisset,
1049 1081 1220 1164 simplicius
1242 1082 1358 1143 dictum
1382 1083 1430 1144 vi-

171 1187 238 1250 deri
259 1208 296 1248 ae
317 1184 428 1248 dorum
450 1186 575 1270 quidem
597 1206 735 1271 operum.
779 1185 1024 1265 Utrumcumque
1048 1183 1117 1258 erit,
1139 1183 1277 1246 confusio
1300 1183 1429 1246 duarum

172 1288 360 1352 locutionum
383 1287 475 1350 facile
497 1288 583 1349 facta
606 1295 664 1350 est.

258 1388 348 1461 Quod
379 1389 411 1450 in
440 1388 582 1450 omnibus
610 1390 677 1451 cdd.
707 1394 813 1449 exstat
836 1395 868 1449 et
890 1394 994 1449 nostro
1018 1388 1139 1448 demum
1164 1393 1302 1467 tempore
1324 1386 1355 1446 in
1379 1406 1433 1447 su-

173 1489 340 1571 spicionem
376 1489 472 1564 venit,
503 1489 584 1552 hano
617 1491 680 1551 lere
714 1489 811 1550 habet
837 1487 1141 1568 interpretationem:
1171 1506 1322 1549 summam
1345 1487 1430 1549 illam

174 1590 333 1672 pecuniae,
367 1609 459 1671 quam
494 1591 555 1652 fert
587 1590 671 1664 Piso,
708 1589 871 1652 cuiuslibet
904 1589 953 1651 vol
981 1588 1030 1650 his
1058 1588 1250 1668 temporibus
1279 1588 1432 1669 magnifici

175 1691 278 1772 operis
310 1692 515 1754 fundamenta
543 1690 578 1772 (i.
602 1711 628 1753 e.
653 1691 803 1771 pecuniae
826 1709 977 1752 summam
1002 1709 1058 1770 pro
1080 1689 1293 1751 fundamentis
1315 1689 1434 1768 persol-

173 1788 323 1875 vendam)
359 1799 625 1873 exsuperaturam.
670 1790 772 1864 Quam
807 1791 932 1853 difficile
966 1791 1008 1853 sit
1040 1791 1079 1852 de
1113 1809 1150 1852 ea
1177 1809 1209 1851 re
1239 1789 1353 1871 aliquid
1379 1810 1432 1870 pro

176 1901 260 1956 certo
288 1893 464 1967 affirmare,
482 1894 666 1955 documento
695 1900 743 1954 est
770 1899 893 1954 mutata
915 1892 1072 1954 sententia
1094 1890 1253 1972 Madvigii.
1297 1891 1378 1953 Nam
1402 1891 1433 1953 in

176 2003 307 2076 utraque
341 1994 476 2056 editione
510 1993 588 2056 haec
620 1993 731 2056 habet:
765 1993 1001 2055 »Fundamenta
1034 1990 1153 2054 nullius
1185 1990 1436 2080 magnificentiae

177 2116 306 2180 operam
328 2115 453 2176 prorsus
476 2114 571 2175 prave
594 2095 739 2156 dicuntur
761 2114 859 2175 neque
883 2095 956 2156 ordo
978 2094 1141 2156 verborum
1165 2092 1336 2155 tolerabilis
1360 2102 1435 2155 est».

175 2199 261 2259 Idem
290 2215 363 2259 vero
391 2205 463 2277 post
490 2215 605 2277 paucos
634 2215 732 2257 annos
754 2195 805 2256 »In
830 2215 896 2256 eam
921 2202 1071 2276 partem»,
1093 2193 1204 2275 inquit,
1226 2214 1325 2255 »nunc
1347 2195 1436 2256 incli-

178 2306 234 2360 nat
269 2296 401 2373 animus,
431 2306 466 2360 ut
494 2298 652 2359 ferendum
680 2304 786 2376 putem
810 2296 921 2359 dorum
943 2295 1192 2383 magnificentiae
1215 2315 1342 2379 operum
1365 2296 1436 2379 (der

172 2399 310 2480 jetzigen
332 2398 450 2462 Werlre
474 2400 528 2460 der
549 2396 791 2481 Prachtliebe)».
836 2398 905 2459 Em.
929 2396 997 2458 Liv.
1022 2398 1068 2458 ed.
1092 2399 1121 2456 2.
1145 2415 1174 2476 p.
1198 2395 1248 2457 64.

261 2497 312 2572 56,
333 2499 354 2560 4
376 2499 410 2562 irs
431 2500 520 2582 copia
541 2499 704 2564 »emendat
723 2499 835 2560 Bauer.
854 2518 884 2579 p.
900 2493 948 2560 77.
977 2499 1047 2559 Νοιι
1060 2516 1185 2560 necesse
1199 2505 1255 2558 est.
1286 2497 1438 2559 Columna

178 2600 270 2675 euim,
293 2619 331 2662 ex
354 2621 415 2682 qua
438 2600 547 2682 anguis
570 2600 683 2662 dicitur
706 2599 830 2680 elapsus
854 2619 932 2673 esse,
951 2606 1041 2660 extra
1058 2599 1173 2678 regiam
1194 2605 1287 2663 erat»,
1318 2599 1435 2680 Kreys-

179 2701 225 2782 sig
253 2699 393 2766 Glossar.
416 2723 441 2764 s.
464 2722 493 2764 v.
517 2703 601 2782 luga.
645 2699 745 2763 »Sunt
767 2701 863 2762 verba
885 2701 919 2762 ia
941 2701 1060 2782 rapiam
1083 2719 1143 2762 non
1167 2718 1233 2760 cum
1257 2699 1351 2760 verbo
1375 2708 1437 2761 ter-

178 2823 290 2876 rorem,
325 2804 379 2864 sad
409 2822 476 2865 cum
505 2802 599 2864 verbo
621 2799 739 2888 sarpam
759 2802 926 2882 iungenda,
951 2809 982 2862 et
1005 2803 1150 2882 fugerunt
1172 2799 1311 2861 homines
1334 2801 1364 2861 in
1387 2820 1439 2863 re-

180 2903 272 2984 giam,
306 2910 341 2964 nt
374 2913 430 2966 aut
462 2911 652 2985 portentum,
686 2903 766 2983 quod
801 2910 1037 2984 conspexerant,
1070 2902 1135 2982 regi
1164 2900 1355 2974 nuntiarent,
1383 2909 1439 2962 aut

181 3004 330 3067 auxilium
353 3003 396 3066 ibi
419 3005 668 3085 praesidiumque
691 3011 884 3085 quaererent.
928 3005 1037 3084 Neque
1059 3003 1089 3064 in
1114 3003 1199 3083 regia
1221 3001 1356 3081 spatium
1382 3011 1439 3075 est,

180 3105 211 3167 in
240 3125 310 3186 quo,
339 3106 446 3168 sedin
470 3107 551 3187 quod
574 3113 631 3168 aut
653 3125 691 3166 ex
714 3125 773 3187 quo
796 3105 871 3186 luga
893 3105 960 3166 sit».
1006 3103 1125 3178 Queck,
1148 3121 1248 3182 progr.
1272 3103 1439 3165 Sondersh.

186 3205 260 3270 1861
286 3225 316 3286 p.
341 3207 389 3268 14.
416 3206 583 3268 Falluutur
612 3205 668 3266 viri
696 3206 866 3268 doctissimi
890 3206 927 3267 de
950 3205 980 3267 vi
1003 3205 1087 3267 vocis
1110 3205 1202 3285 fugae
1223 3203 1364 3283 inprimis
1388 3203 1439 3266 ubi

181 3315 279 3370 terror
301 3308 350 3369 vel
372 3327 469 3388 pavor
492 3327 561 3370 oum
584 3326 621 3368 ea
644 3307 852 3386 coniungitur:
879 3307 906 3379 l,
929 3305 979 3379 28,
1002 3305 1179 3368 bhostibus
1198 3312 1296 3366 terror
1314 3324 1350 3366 ac
1366 3307 1440 3385 fuga

180 3408 367 3483 iniiceretur,
398 3409 449 3482 31,
472 3410 501 3482 2,
524 3407 642 3471 91nde
665 3428 762 3489 pavor
785 3409 919 3489 fugaque
943 3406 1037 3468 etiam
1061 3414 1198 3468 armatos
1223 3405 1315 3484 cepit,
1337 3405 1366 3478 5,
1389 3405 1440 3478 38,

182 3509 201 3573 5
228 3529 326 3590 pavor
358 3512 493 3591 fugaque
526 3517 733 3590 occupaverat
764 3508 893 3582 animos,
915 3511 967 3582 22,
992 3509 1040 3582 13,
1065 3508 1103 3568 10
1125 3509 1287 3587 Ingentem
1311 3506 1441 3581 cladem,

182 3612 286 3692 fugam
310 3619 415 3673 tamen
438 3618 647 3691 terroremque
671 3610 765 3672 latius
787 3609 942 3671 Numidae
966 3611 1115 3682 fecerunt,
1138 3605 1189 3682 29,
1201 3605 1332 3680 28,6e0
1345 3607 1442 3668 maior

183 3719 247 3775 tum
281 3712 356 3792 fuga
377 3731 534 3793 pavorque
556 3712 586 3773 in
611 3711 685 3772 urbe
710 3711 779 3784 luit,
802 3711 853 3784 21,
875 3709 926 3784 61,
948 3712 968 3771 2
992 3709 1137 3778 classicos
1160 3708 1274 3771 milites
1297 3709 1441 3787 palantes

183 3831 238 3893 per
271 3832 362 3893 agros
390 3813 494 3894 equite
523 3812 638 3894 passim
662 3811 788 3874 dimisso
812 3831 878 3874 cum
904 3830 1016 3893 magua
1040 3812 1144 3886 caede,
1167 3808 1282 3872 maiore
1306 3811 1380 3890 luga
1402 3811 1441 3870 ad

184 3933 280 3976 naves
314 3914 481 3994 compellit,
514 3915 565 3986 21,
587 3911 638 3987 63,
663 3913 701 3975 14
730 3915 804 3994 luga
832 3914 937 3993 procul
966 3911 1058 3973 etiam
1084 3911 1181 3974 maior
1203 3911 1286 3990 apud
1309 3911 1443 3992 ignaros,

186 4014 257 4096 quid
282 4014 500 4095 trepidaretur,
524 4023 556 4076 et
578 4013 771 4076 concursatio
795 4014 863 4077 fuit.
909 4014 973 4095 (01,
1000 4012 1049 4086 18,
1072 4010 1096 4087 6,
1113 4013 1143 4074 in
1168 4010 1329 4095 lapidem).

268 4115 391 4178 Dicitur
423 4116 592 4178 domestico
625 4116 693 4176 visu
722 4114 889 4177 exterritus
912 4135 976 4188 rex,
1001 4134 1068 4176 cum
1093 4114 1118 4174 ei
1143 4134 1190 4186 ea,
1213 4132 1292 4193 quae
1315 4119 1444 4174 narrata

185 4224 268 4290 sunt,
296 4217 401 4299 agenti
428 4225 605 4298 portentum
630 4216 768 4277 terribile
790 4216 889 4278 visum
914 4224 1006 4278 esset.
1051 4214 1261 4277 Domesticnrn
1286 4221 1441 4275 ostentum

185 4317 327 4380 nimirum
350 4337 411 4380 nou
435 4326 525 4380 extra
547 4320 669 4379 domum
693 4317 808 4398 regiam
833 4337 852 4377 a
874 4337 944 4398 rege
967 4317 1065 4379 visum
1091 4323 1147 4378 est.

268 4417 319 4493 66,
342 4412 362 4481 7
388 4417 477 4502 lonpe
505 4417 588 4480 alios
616 4418 740 4501 impertio
763 4419 814 4479 ille
837 4418 956 4480 iuvenis
980 4425 1058 4492 erat,
1081 4437 1172 4498 quam
1197 4436 1265 4478 eum
1289 4415 1442 4477 hominem

186 4519 367 4600 cogitamus,
391 4521 477 4582 cuius
500 4519 728 4582 simulationem
752 4519 906 4582 induerat.
939 4520 1008 4582 Non
1033 4519 1152 4580 iuvenis
1175 4515 1356 4602 praesertim
1372 4535 1444 4594 per-

185 4639 292 4684 sonam
322 4623 487 4704 gerendam
517 4629 707 4701 susceperat,
736 4621 790 4682 sed
814 4620 936 4684 omnino
958 4620 1057 4702 inepti
1080 4619 1223 4696 hominis,
1247 4617 1294 4679 cui
1317 4636 1446 4678 revera

184 4722 276 4786 valde
298 4722 405 4806 dispar
428 4729 496 4787 erat
517 4723 639 4808 ingenio
662 4722 688 4786 is
710 4720 839 4789 iuvenis.
