3584 5632
370 615 410 670 20
658 611 859 684 Epilegomens
880 614 916 670 ed
938 615 970 667 Τ.
995 613 1064 668 Livii
1089 613 1197 702 librum*
1213 614 1344 683 primum.

453 782 542 855 Quee
565 785 605 847 ed
628 784 762 848 codicem
786 785 960 847 Mediceum
983 792 1067 848 recte
1090 784 1318 848 aestimandum
1342 784 1512 866 seperatim
1532 785 1634 866 perti-

369 893 454 959 nent,
488 883 693 965 perlustravi;
726 886 787 947 iem
822 905 910 947 suum
946 885 1054 966 cuique
1084 887 1122 948 de
1146 906 1181 948 eo
1204 886 1246 948 sit
1267 886 1425 949 iudicium.
1469 886 1633 968 Sequitur,

370 994 406 1049 ut
428 985 506 1048 elios
529 986 611 1048 locos
634 986 740 1048 ordine
762 1005 941 1068 persequer,
964 989 1002 1049 de
1025 987 1135 1068 quibus
1158 987 1260 1049 minus
1283 987 1448 1050 conveniet
1471 1007 1541 1050 mee
1558 1007 1634 1048 seu-

370 1087 472 1150 tentie
499 1107 567 1150 oum
597 1087 646 1161 iis,
676 1107 755 1168 quse
778 1095 934 1168 postremo
957 1097 1096 1168 tempore
1119 1088 1159 1149 eb
1183 1088 1311 1151 eruditis
1334 1088 1486 1152 iudicibus
1508 1095 1635 1150 statute

371 1190 506 1252 fuerunt.
550 1187 622 1258 Qus
644 1187 675 1250 in
698 1208 730 1250 re
754 1208 788 1251 eo
812 1189 937 1252 consilio
961 1207 1063 1271 egem,
1086 1189 1166 1270 quod
1189 1189 1220 1250 in
1244 1189 1329 1263 diss,
1352 1209 1431 1271 quse
1454 1189 1635 1252 inscribitur

370 1290 527 1354 Livienor.
557 1289 625 1355 libr.
653 1290 678 1351 I.
703 1291 767 1352 dec.
792 1292 1003 1352 emendandae
1025 1291 1117 1365 ratio,
1140 1309 1169 1371 p.
1192 1291 1244 1364 20,
1266 1291 1317 1364 21,
1339 1290 1390 1365 28,
1413 1289 1463 1366 29,
1486 1290 1632 1353 indicevi.

454 1391 559 1454 Praei.
587 1390 606 1452 5
634 1392 734 1452 omnis
763 1412 872 1476 erpere
900 1412 1002 1465 99999,
1026 1412 1114 1476 quoe,
1137 1391 1164 1452 si
1186 1393 1312 1454 adesset
1334 1390 1409 1475 (nisi
1433 1392 1499 1454 eius
1522 1409 1633 1471 expers

372 1490 481 1576 esset),
510 1490 674 1554 scribentis
702 1493 844 1554 animum
857 1539 863 1554 .
878 1539 884 1553 .
898 1490 1067 1555 sollicitum
1089 1490 1213 1578 efficere
1230 1500 1345 1576 posset.
1390 1493 1444 1556 Sic
1466 1493 1632 1574 imperiec-

371 1603 449 1667 tum,
483 1594 535 1656 ubi
564 1593 699 1673 protasis
727 1593 921 1675 intelligitur,
952 1596 979 1668 l,
1001 1592 1053 1669 26,
1078 1595 1116 1657 10
1139 1594 1298 1678 quodvis
1319 1592 1516 1658 Albanos-sm
1539 1591 1632 1666 oceli,

372 1695 398 1758 si
431 1694 583 1769 viderent,
618 1704 682 1757 tom
716 1694 857 1781 deforme
890 1693 1100 1778 spectaculum
1127 1693 1219 1780 ferre
1243 1707 1380 1779 possent,
1405 1696 1433 1771 l,
1456 1697 1506 1769 35,
1529 1697 1549 1756 3
1571 1715 1633 1757 eon

366 1796 506 1882 poiseus,
528 1796 612 1880 quod
634 1795 677 1880 (si
700 1796 818 1876 primus
842 1795 957 1879 essem)
981 1796 1148 1880 quisquam
1170 1796 1335 1879 indignari
1355 1793 1632 1880 999991,9,29,10

377 1895 530 1960 Traditur
551 1897 625 1960 inde
646 1897 734 1960 dictu
755 1895 901 1960 mirabile
923 1907 950 1959 91
972 1897 1066 1982 quod,
1089 1898 1114 1958 si
1137 1897 1193 1971 ite,
1217 1907 1252 1960 ut
1273 1898 1419 1972 traditur,
1442 1899 1559 1960 lectum
1584 1916 1634 1959 es-

373 2009 432 2072 set,
465 1998 664 2061 demovendis
692 2008 776 2061 state
804 2019 859 2061 suo
887 1999 988 2061 soccis
1008 1996 1190 2082 religionem
1206 1997 1318 2085 facere
1334 2009 1450 2083 posset.
1495 1999 1633 2078 Madvig,

374 2108 539 2183 postquem
573 2099 672 2182 primo
709 2107 740 2162 et
773 2100 866 2163 tertio
894 2101 960 2163 loco
989 2100 1138 2182 neglectis
1168 2100 1323 2164 codicibus
1348 2110 1452 2184 posset
1477 2100 1509 2162 in
1531 2101 1635 2185 possit

374 2201 471 2266 tacite
504 2201 650 2276 mutavit,
684 2210 795 2284 querto
828 2201 924 2264 telem
959 2201 1081 2264 effinxit
1111 2201 1634 2286 ρ9ο19919(»91919919999999999

374 2303 551 2378 eccidisse»,
573 2303 704 2366 Emend.
727 2302 796 2367 Liv.
820 2303 867 2364 ed.
890 2305 919 2366 2.
942 2305 1012 2384 peg.
1036 2302 1098 2365 215
1121 2321 1150 2364 9.
1173 2301 1220 2385 2),
1242 2310 1278 2366 91
1300 2322 1374 2368 usus
1392 2303 1567 2384 imperfecti
1585 2302 1634 2366 di-

374 2405 478 2468 vinem
513 2404 755 2470 admonitionem
783 2405 959 2485 spernentis
988 2411 1081 2479 esset,
1103 2423 1164 2468 non
1187 2404 1269 2468 Livii
1292 2405 1472 2486 religionum
1496 2403 1633 2468 cultoris.

374 2505 491 2570 Verum
528 2527 606 2580 esee,
640 2507 720 2588 quod
754 2508 941 2581 traderetur,
971 2505 1060 2568 Livio
1088 2526 1148 2569 non
1171 2525 1352 2586 persuasum
1377 2507 1452 2570 fuit:
1475 2525 1535 2569 non
1559 2505 1634 2568 dicit

375 2609 536 2682 eccidisse,
570 2609 682 2672 nedum
716 2627 790 2670 cesu
824 2607 982 2670 eccidisse.
1026 2607 1077 2669 Ex
1104 2607 1174 2670 eliis
1203 2608 1407 2688 scriptoribus
1429 2615 1556 2689 sumpte
1579 2627 1634 2670 cx-

375 2710 479 2791 emple
512 2709 599 2772 dedit
632 2709 766 2772 Iosnnes
793 2709 969 2774 Fridericus
997 2706 1152 2771 Iohensou
1181 2708 1213 2770 in
1236 2709 1309 2771 diss.
1334 2711 1371 2772 de
1394 2729 1451 2772 usu
1474 2711 1633 2773 modorum

375 2811 406 2874 in
435 2811 538 2873 verbis
567 2811 689 2886 debere,
717 2830 818 2891 posse,
847 2811 912 2872 sim.
943 2811 974 2873 in
998 2809 1152 2891 primeriis
1175 2811 1339 2873 sententiis
1362 2810 1635 2884 condicionalibus,

375 2911 526 2993 Upseliee
552 2911 632 2974 1868
654 2931 684 2992 p.
707 2910 747 2974 39
770 2931 815 2992 sq.

461 3014 566 3076 Preef.
596 3014 636 3075 13
657 3013 739 3075 orsis
761 3021 881 3074 saccom
903 3012 1017 3097 operis,
1039 3007 1113 3094 ἡμῖν
1135 3015 1286 3076 τοσοῦτον
1307 3009 1401 3092 ἔργον
1424 3007 1632 3094 ἀρξαμένοις,

377 3115 563 3196 optimorum
595 3115 663 3178 cdd.
693 3122 787 3195 91999
811 3114 955 3175 editionis
977 3114 1126 3196 principis
1148 3115 1304 3195 scripture
1325 3116 1489 3177 servande.
1534 3114 1582 3177 cf.
1602 3114 1635 3194 ,1,

379 3215 471 3290 14,4
498 3222 621 3278 tentum
654 3215 772 3277 roboris
806 3223 908 3290 esset,
925 3217 955 3290 2,
981 3216 1008 3288 l,
1031 3217 1050 3277 3
1077 3223 1200 3278 tentum
1224 3216 1340 3296 gloriae
1363 3215 1485 3278 meruit.
1530 3215 1635 3278 Colle·

376 3317 490 3379 tionem
526 3316 685 3395 supplevit
711 3323 743 3378 et
772 3316 905 3378 correxit
926 3316 1094 3378 Riemann:
1118 3327 1257 3378 »taciem
1279 3317 1340 3378 Mu
1362 3316 1457 3379 Lenr.
1481 3317 1520 3390 1.,
1542 3323 1635 3397 pent-

376 3418 443 3480 1199
466 3417 550 3479 aussi
572 3416 602 3479 R
623 3416 721 3500 (N?);
744 3417 825 3478 tanti
847 3436 943 3491 mro»,
965 3426 1125 3497 praetereo
1149 3417 1180 3480 U
1203 3419 1250 3480 cd.
1273 3418 1303 3478 3.
1326 3426 1446 3480 ionium
1468 3417 1579 3480 Bemb.

462 3520 489 3592 l,
514 3519 528 3578 l
558 3517 693 3602 suerent
726 3525 807 3580 teste
839 3517 1012 3580 Riemeuno
1039 3527 1088 3580 est
1115 3519 1146 3581 19
1174 3519 1245 3592 RN,
1267 3519 1443 3598 »peutdtre
1466 3519 1550 3581 sussi
1573 3519 1635 3593 11»,

375 3619 424 3680 vel
448 3619 494 3681 »le
516 3618 675 3681 Mediceus
697 3618 934 3699 probeblemeut
956 3619 1039 3680 eussi
1063 3621 1100 3682 de
1124 3621 1168 3680 lro
1190 3620 1272 3682 mein
1297 3619 1442 3703 (2⁰mein
1457 3617 1636 3705 fumeo»,

375 3720 457 3782 idem
490 3721 537 3781 Le
565 3719 677 3798 langue
705 3721 743 3781 de
771 3719 939 3781 Tite-Live
962 3739 991 3799 p.
1018 3719 1086 3782 168.
1129 3721 1165 3782 Id
1190 3719 1330 3802 equidem
1354 3739 1413 3782 uon
1438 3720 1636 3784 enimedver-

375 3827 493 3897 terem3
526 3821 580 3883 sed
614 3821 755 3901 quemvis
789 3819 883 3882 etiem
917 3818 1098 3882 Alschefski
1126 3821 1223 3884 solum
1248 3820 1384 3907 fuerunt
1411 3841 1449 3882 cx
1471 3823 1506 3883 M
1527 3821 1635 3884 credet

375 3925 481 4002 (quem
510 3921 610 3984 secuti
639 3923 702 3982 iere
730 3940 836 3982 omnes
859 3921 1005 4001 deinceps
1027 3922 1162 3984 editores
1184 3924 1224 3984 ed
1246 3922 1327 3985 hene
1349 3922 1632 4003 antiquissimarum

376 4021 544 4084 editionum
569 4021 731 4084 lectionem
755 4019 939 4106 redierunt),
962 4030 1066 4084 temen
1091 4043 1150 4084 non
1174 4023 1378 4104 dubito'quin
1394 4021 1634 4086 Riemennocu-

375 4122 469 4184 letior
502 4122 610 4197 fuerit;
644 4122 809 4185 dolendum
841 4142 913 4184 vero
943 4125 1023 4203 quod
1053 4143 1112 4186 non
1134 4124 1216 4186 idem
1239 4125 1266 4186 B
1287 4124 1385 4205 Megl.
1407 4125 1502 4186 Leur.
1525 4124 1554 4186 3.
1577 4125 1634 4186 hoc

374 4223 441 4286 1999
469 4224 617 4304 inspexit.
660 4223 794 4286 Accedit
821 4225 902 4304 quod
929 4224 983 4286 FP
1011 4223 1121 4286 Bemb.
1150 4224 1329 4304 primeriem
1353 4225 1551 4305 scriptionem
1574 4244 1632 4287 non

375 4326 510 4397 1999991,
544 4325 598 4386 sed
626 4322 740 4410 ferunt
773 4325 937 4399 exhibens
972 4332 1106 4386 ceterum
1140 4326 1167 4387 P
1194 4325 1224 4387 iu
1255 4345 1349 4407 marg.
1371 4325 1507 4412 fuerant
1528 4325 1633 4399 hebet,

374 4445 454 4506 quse
478 4425 626 4487 correctio
647 4426 746 4504 ipsius
770 4425 886 4486 librarii
911 4425 1006 4486 fuisse
1029 4425 1103 4488 mibi
1126 4425 1195 4488 vise
1217 4433 1275 4502 est,
1297 4427 1329 4488 id
1346 4428 1428 4507 quod
1448 4427 1562 4490 addere
1578 4427 1634 4488 de·

374 4526 497 4588 behem.
541 4526 653 4606 119999
687 4545 745 4588 999
781 4527 917 4606 cogimur
949 4525 999 4586 bic
1026 4526 1081 4588 ille
1110 4526 1254 4608 exemplo
1280 4527 1483 4590 insolentiore
1508 4527 1634 4600 19911991,

374 4647 454 4708 9999
477 4627 612 4690 efferunt
633 4627 856 4689 Weissenborn
880 4633 913 4688 et
934 4627 1074 4707 Drneger
1095 4626 1195 4711 (Hist.
1219 4627 1311 4710 Synt.
1334 4629 1350 4710 §
1376 4629 1458 4710 130).

460 4728 487 4800 l,
510 4728 529 4789 3
557 4726 603 4789 Ei
629 4727 663 4788 in
685 4749 774 4810 quem
796 4728 826 4789 in
851 4726 896 4789 El
918 4728 951 4788 in
974 4749 1063 4810 99999
1086 4737 1189 4791 mutet
1212 4729 1350 4810 Madvig,
1374 4729 1426 4810 qui
1448 4728 1633 4809 perticulam

373 4826 450 4892 nibil
480 4827 529 4890 hic
552 4829 608 4890 loci
633 4829 748 4890 hebere
771 4828 941 4890 contendit.
987 4827 1070 4898 Quid
1092 4847 1165 4890 vero
1189 4830 1246 4892 loci
1269 4829 1319 4891 hic
1341 4830 1459 4892 hebent
1480 4829 1636 4910 porticulo
