3574 5632
355 644 557 717 Epilegcmcna
579 647 615 700 ad
637 645 670 702 Τ.
692 645 764 702 bivii
786 645 889 702 librum
911 645 1072 701 vicesimum
1095 645 1227 714 primum.
1383 641 1423 698 43

163 815 240 879 riae
274 817 372 880 maior
404 817 465 880 init
495 817 645 881 Romanis
678 817 763 880 lame
790 817 938 882 victoriae
965 817 1142 900 hostiumn).
1189 817 1242 880 Ad
1263 835 1425 891 romanos,

167 917 257 998 quod
281 925 408 981 tuentur
430 920 509 991 cdd,
534 917 720 982 fulciendum
744 919 821 981 bene
837 920 964 1000 Madvig
978 919 1125 1000 apposuit
1134 939 1247 1003 penca·
1267 917 1425 980 sententia

169 1017 256 1081 enim
280 1017 358 1082 baec
380 1027 443 1082 est:
466 1019 580 1082 Proelii
603 1027 758 1082 certamen
781 1020 900 1084 varium
924 1028 1018 1102 etque
1034 1039 1148 1102 anceps
1163 1021 1288 1082 tandem
1306 1037 1423 1098 aequa-

167 1127 252 1194 tum,
275 1138 312 1182 ec
334 1120 479 1184 maiorem
502 1121 625 1183 omnino
647 1118 753 1184 hostes
776 1121 894 1184 cladem
918 1129 1115 1202 acceperunt,
1136 1119 1269 1184 Romani
1292 1119 1425 1182 victores

169 1220 363 1283 ferebantur.
406 1221 509 1303 Magis
542 1221 621 1284 euim
656 1221 696 1283 ab
729 1221 817 1284 initio
845 1242 966 1304 pugnae
994 1221 1095 1284 territi
1118 1221 1304 1302 fatigatique
1327 1219 1423 1282 Poeni

168 1321 308 1402 praedae
340 1322 485 1402 ingentis,
518 1341 579 1404 qua
609 1329 699 1385 erant
720 1323 834 1397 onusti,
866 1323 1017 1386 iacturam
1041 1325 1191 1397 lecerunt,
1213 1323 1318 1402 plures
1341 1319 1422 1382 caesi

170 1429 246 1484 sunt
275 1441 311 1484 eo
343 1423 428 1503 prius
461 1442 565 1504 pugna
592 1423 790 1486 destiterunt.
818 1424 885 1486 Pol.
908 1424 937 1499 3,
960 1422 1010 1498 69,
1032 1423 1052 1486 9
1075 1443 1141 1505 sqq.
1184 1424 1296 1504 Itaque
1319 1421 1422 1503 potius

170 1521 366 1586 scribendum
391 1523 514 1586 videtur
536 1524 639 1587 maior
660 1533 762 1586 ramea
784 1523 919 1586 boatium
941 1523 1089 1601 eludas,
1118 1544 1222 1606 quam,
1245 1524 1325 1604 qnod
1349 1541 1423 1586 oon-

171 1623 248 1686 iecit
269 1625 477 1700 Burmannus,
500 1626 617 1696 caeder,
640 1645 719 1706 qnae
742 1644 815 1705 paro
838 1626 935 1688 cladis
958 1626 1026 1689 fuit.

255 1725 306 1799 54,
336 1726 350 1787 l
379 1726 495 1810 equita
516 1727 547 1788 in
570 1727 668 1810 equiti
688 1733 819 1800 vertere,
842 1727 1006 1807 quodiam
1030 1726 1128 1788 voluit
1149 1726 1303 1798 Muretus,
1324 1723 1425 1786 minus

171 1825 344 1888 consultum
379 1833 436 1899 est,
470 1847 529 1888 uon
553 1847 612 1908 quo
634 1847 669 1889 οο
692 1827 738 1888 vis
762 1826 884 1889 articuli
907 1827 1025 1890 definiti
1048 1827 1146 1907 magis
1169 1825 1308 1898 accedat,
1331 1843 1423 1904 qnam

170 1925 269 1988 eidem
304 1926 419 1990 nomini
447 1947 472 1989 c.
494 1927 546 2002 48,
567 1927 588 1990 4
609 1929 639 1990 in
664 1929 731 1990 loca
753 1927 865 1990 altiora
888 1928 1041 2011 collesque
1063 1927 1274 2008 impeditiores
1296 1925 1423 2007 equiti

171 2035 277 2090 castra
309 2035 423 2101 movet,
456 2030 509 2091 sed
547 2029 621 2110 quia
648 2029 796 2112 aquillio
820 2028 1007 2112 equitcsbic
1029 2048 1048 2089 a
1071 2027 1204 2090 librariis
1227 2027 1341 2088 mutari
1364 2045 1424 2088 non

171 2127 310 2208 potuisse
343 2129 474 2196 videtur.
530 2131 610 2192 End.
633 2138 706 2192 aute
729 2129 905 2192 Beklrerum
929 2130 971 2192 ud
993 2130 1108 2213 aquilea
1131 2149 1249 2212 quoquc
1271 2127 1423 2210 tapeodos.

255 2228 306 2302 54,
338 2229 359 2290 4
389 2229 544 2313 equitibus
580 2251 596 2292 e
634 2230 809 2293 coniectura
842 2229 984 2311 Sauppii.
1018 2228 1173 2314 equitibus
1195 2229 1322 2311 magoni
1344 2229 1424 2302 cdd,

172 2329 223 2410 qui
257 2329 383 2393 dativus
413 2331 505 2393 aliter
535 2332 574 2393 ab
608 2331 677 2394 aliis
712 2339 858 2412 acceptus
892 2351 930 2393 ex
953 2331 1084 2405 nomine,
1107 2337 1142 2392 ut
1164 2331 1209 2403 iit,
1232 2329 1262 2390 in
1286 2328 1423 2409 margine

172 2430 329 2510 adscripto
362 2430 433 2494 oriri
467 2433 578 2511 potuit.
632 2432 776 2514 Plerique
810 2432 976 2494 coniiciunt
1008 2453 1079 2494 cum
1100 2430 1254 2514 Mapouar
1275 2431 1330 2492 sed
1353 2449 1423 2491 cum

171 2550 271 2612 neque
294 2531 344 2594 hic
365 2552 463 2613 neque
486 2540 557 2612 post
578 2534 624 2596 ita
646 2533 736 2594 lacile
759 2533 904 2595 omissum
929 2541 991 2608 est;
1015 2533 1113 2614 magis
1136 2531 1280 2594 credibile
1303 2537 1352 2592 cst
1367 2529 1424 2592 sub

170 2640 243 2711 post
264 2631 421 2712 equitibus
444 2633 604 2696 excidisse.
648 2634 697 2697 of.
720 2634 771 2707 25,
793 2634 844 2708 40,
866 2633 885 2696 5
908 2634 966 2696 sub
988 2633 1166 2695 Hannibale
1189 2631 1338 2712 magistro
1353 2651 1421 2693 oru-

173 2751 227 2794 nes
250 2732 323 2794 belli
351 2742 435 2796 artes
457 2735 595 2797 edoctus.
639 2734 734 2798 Auct.
759 2735 788 2796 b.
810 2735 880 2797 Air.
903 2729 944 2797 97
967 2735 1055 2796 bonis
1078 2732 1212 2796 venditis
1234 2751 1349 2806 eorum,
1372 2732 1423 2814 qui

171 2833 228 2894 sub
250 2833 330 2895 Iube
352 2835 536 2917 Petreioque
559 2835 681 2898 ordines
704 2837 867 2898 duxerant.

255 2933 306 3008 54,
327 2934 348 2997 6
370 2957 390 2996 u
411 2934 565 2999 destinato
586 2937 670 3017 Mvg.
713 2937 749 2998 In
773 2956 835 3017 qua
856 2935 1011 3017 scriptura
1033 2936 1141 2998 nativa
1162 2934 1294 3015 primum
1318 2941 1424 2996 oante

172 3033 194 3094 d
225 3034 257 3096 in
291 3035 334 3098 ud
356 3035 444 3110 abiit,
466 3037 587 3111 deinde,
610 3039 689 3118 quod
713 3044 819 3100 exstet
840 3038 871 3100 in
895 3039 974 3111 cdd,
997 3037 1039 3099 od
1061 3036 1251 3099 destinatum
1273 3035 1422 3116 seriptum

173 3141 230 3208 est,
265 3143 420 3215 postremo
453 3137 496 3200 ad
518 3137 706 3201 medactum
729 3135 830 3200 locum
854 3140 880 3200 l.
904 3140 931 3200 3.
956 3139 1038 3218 Mog.
1061 3137 1135 3200 Ald.
1158 3137 1250 3199 Frob.
1273 3155 1340 3219 sqq.
1364 3136 1424 3199 So-

173 3236 231 3297 mel
265 3236 423 3301 labefacta
454 3239 609 3319 scriptura
640 3238 671 3300 in
705 3240 840 3302 deterius
877 3239 981 3303 vertit.
1035 3237 1257 3301 Drakenborch
1280 3237 1423 3319 denique,

172 3335 382 3417 Sempronius,
414 3339 524 3420 inquit,
554 3341 591 3403 de
614 3341 680 3403 loco
702 3359 823 3420 pugnae
846 3340 920 3403 nihil
944 3347 1082 3402 statuere
1105 3339 1217 3420 potuit,
1241 3345 1349 3418 utpote
1372 3356 1424 3399 ar-

173 3437 256 3500 tibus
288 3439 476 3503 Hannibalis
511 3440 541 3504 in
576 3461 644 3504 enm
668 3449 854 3521 protractus.
908 3441 1054 3504 Forsitan
1077 3441 1172 3503 luerit
1192 3438 1381 3519 praepositio
1404 3461 1424 3499 u

173 3557 280 3618 parum
303 3539 472 3607 intellecta.
517 3542 564 3605 (ll.
588 3543 617 3617 5,
639 3543 669 3618 5,
693 3544 713 3604 3
735 3563 755 3604 a
777 3542 948 3623 eupiditate
971 3541 1137 3604 ulciscendi
1160 3540 1426 3622 agruminvadere

174 3639 201 3712 l,
229 3641 254 3714 l,
274 3640 296 3704 4
318 3643 465 3722 profugus
488 3644 527 3705 ab
550 3643 642 3706 simili
665 3644 763 3718 clade,
788 3645 814 3716 l,
837 3644 890 3718 31,
910 3644 930 3706 4
952 3645 992 3704 ab
1016 3643 1122 3706 eodem
1145 3640 1284 3723 prodigio
1297 3660 1424 3703 novem-

172 3738 254 3803 diale
286 3760 407 3805 sacrum
438 3751 615 3824 susceptum
649 3753 707 3806 est.
752 3744 890 3808 Consilia
911 3743 1070 3807 destinata
1090 3743 1142 3818 42,
1164 3742 1215 3817 48,
1240 3743 1267 3804 l.
1311 3741 1424 3823 Opinio

177 3841 335 3904 destinata
356 3842 407 3918 28,
432 3843 481 3920 14,
502 3843 532 3906 9.

257 3942 308 4018 54,
329 3942 349 4005 9
368 3945 510 4028 potentio
532 3955 608 4008 esset
628 3945 682 4009 PG
704 3943 792 4030 (Mt)
817 3947 844 4007 l.
867 3947 942 4009 Asc.
965 3949 1047 4028 Mog.
1071 3945 1139 4009 Als.
1162 3947 1253 4008 st.
1268 3945 1421 4008 Hz.Hrrr.

174 4043 247 4106 Wfl.
276 4046 420 4128 potentia
452 4057 550 4108 eruant
581 4048 674 4109 Lanr.
700 4047 803 4109 Valla.
826 4049 855 4109 3.
879 4047 952 4110 Ald.
976 4049 1068 4111 Frob.
1091 4047 1183 4110 Grut.
1206 4047 1302 4112 Gron.
1325 4045 1422 4108 Drak.

172 4143 247 4208 Bur.
280 4146 408 4228 Madvig
444 4147 591 4231 (Emend.
624 4167 654 4227 p.
681 4142 744 4210 278
766 4146 812 4232 n.)
843 4149 922 4212 baec
953 4148 1131 4212 adnotavit:
1154 4147 1350 4211 «Potentiam
1374 4154 1424 4208 te-

173 4245 265 4307 nendi
288 4264 342 4326 pro
364 4247 482 4310 viribus
504 4251 544 4310 ad
566 4249 732 4312 tenendum
755 4269 845 4312 nemo
866 4250 948 4312 Livii
971 4257 1077 4312 aetate
1099 4249 1206 4312 dixit.»
1249 4249 1331 4310 Num
1355 4246 1423 4329 quis

174 4364 246 4408 vero
280 4347 344 4409 ulla
376 4356 482 4412 aetate
516 4348 596 4412 dixit
628 4367 757 4430 corpora
778 4371 865 4413 arma
886 4359 1002 4424 tenere,
1025 4359 1082 4414 aut
1103 4357 1261 4431 potentem
1285 4367 1352 4411 esse
1374 4357 1424 4410 te-

171 4447 284 4510 nendi?

255 4548 307 4622 55,
339 4551 359 4612 2
391 4572 429 4613 uc
460 4549 554 4614 leuem
576 4561 772 4614 armaturam
794 4550 924 4614 coniecit
944 4552 1119 4633 Heusinger
1140 4551 1227 4636 (eloh
1250 4550 1423 4624 vermutbe‚

173 4649 246 4710 dass
280 4650 327 4712 cin
361 4672 398 4713 uc
431 4653 579 4715 zwischen
609 4650 796 4734 signulevem
820 4671 924 4733 wegen
947 4654 1002 4716 des
1023 4652 1368 4716 zusammenlaulenden
1392 4648 1424 4711 ol

173 4751 363 4830 ausgefalleu
399 4753 484 4838 seio),
517 4755 591 4835 Mvg
619 4755 666 4817 ed.
690 4754 718 4816 3.
742 4751 836 4816 leram
853 4764 1049 4816 armaturam
1071 4753 1124 4818 PG
1146 4751 1212 4815 rell.
1238 4755 1265 4814 l.
1287 4753 1317 4814 3.
1339 4752 1422 4832 Mog.

171 4850 245 4914 Ald.
274 4851 364 4916 Grut.
388 4853 483 4918 Gron.
507 4855 603 4918 Dralr.
628 4854 695 4918 Ale.
717 4856 792 4936 Mvg
815 4855 862 4918 ed.
888 4856 914 4918 l.
937 4856 1012 4918 wll.
1034 4854 1125 4918 st.
1148 4855 1196 4916 ed.
1218 4852 1248 4915 6.
1272 4850 1425 4940 leuemque
