3584 5632
341 591 380 646 38
625 587 826 662 Epilegomena
847 589 883 644 ad
905 587 937 642 T.
961 587 1032 644 Livii
1055 587 1158 645 librum
1180 589 1312 660 primum.

339 761 482 826 omnibus
504 766 578 823 ante
600 759 708 823 Alsch.
733 762 802 824 edd.
846 759 895 824 Ob
918 761 1048 822 eandem
1071 777 1197 824 causam
1219 761 1271 835 24,
1293 754 1601 837 ’541555555-

339 862 451 926 structi
484 860 659 943 armatique
687 869 809 938 starent
837 861 920 940 apud
943 880 1048 923 omnes
1072 863 1135 924 fere
1157 860 1306 936 iuvenies,
1329 863 1355 924 si
1377 860 1559 925 discesseris
1581 880 1602 922 a

339 962 593 1027 Weissenbornio
627 970 659 1025 et
690 963 829 1036 Hertzio,
863 963 1004 1042 quamvis
1037 963 1103 1024 cod.
1136 964 1209 1026 Put.
1237 963 1356 1028 habeat
1384 981 1451 1027 555
1475 961 1599 1024 structi.

338 1065 406 1129 Nec
438 1063 530 1127 aliter
557 1061 608 1137 29,
630 1065 660 1138 2,
682 1062 703 1126 6
725 1063 893 1126 exercitum
918 1083 985 1126 cum
1008 1063 1198 1126 struxisseut
1220 1065 1286 1127 cod.
1308 1065 1392 1140 Put,
1415 1063 1468 1126 ubi
1491 1070 1599 1124 tamen

338 1165 467 1247 Madvig
489 1170 522 1227 et
542 1164 647 1227 Luchs
671 1185 709 1228 ex
732 1165 916 1245 quibusdam
940 1166 1008 1227 cdd.
1030 1164 1235 1228 restituerunt
1256 1164 1488 1232 instruxissent.

423 1267 474 1342 23,
496 1263 516 1329 6
534 1266 711 1350 procedunt
734 1267 801 1328 edd.
824 1265 1021 1345 transalpini,
1044 1267 1114 1328 edd.
1137 1267 1201 1329 fere
1218 1285 1335 1342 omnes,
1346 1267 1507 1352 prodeunt
1515 1285 1599 1350 pro·

339 1368 452 1431 555555
478 1365 523 1442 Μ,
545 1367 705 1452 prodeunt
733 1368 800 1430 555.
825 1366 966 1447 cisalpini
988 1366 1132 1448 vulgares
1155 1374 1187 1428 et
1208 1367 1309 1444 mixti,
1331 1388 1353 1448 p
1373 1369 1406 1430 in
1428 1386 1526 1448 marg.
1549 1366 1598 1428 55.

339 1471 369 1531 2.
397 1469 467 1533 Als.
495 1467 554 1532 Hc.
581 1469 753 1532 Procedere
782 1487 842 1530 vox
871 1475 920 1530 est
945 1467 1035 1530 Livio
1064 1468 1272 1532 usitatissima
1299 1470 1337 1532 de
1360 1468 1502 1532 sollemni
1523 1485 1598 1548 pro·

339 1589 457 1652 gressu,
479 1569 573 1633 etiam
597 1571 637 1632 ad
660 1589 809 1650 pugnam:
832 1569 862 1644 2,
885 1569 914 1642 5,
931 1567 952 1629 8
970 1568 1120 1632 Consules
1136 1568 1167 1631 iu
1186 1570 1290 1634 sedem
1307 1583 1484 1652 processere
1495 1587 1597 1642 suam,

337 1670 369 1745 4,
391 1670 421 1746 6,
446 1673 460 1734 l
493 1689 562 1733 cum
591 1671 622 1733 in
652 1671 825 1733 contionem
855 1669 995 1732 consules
1018 1670 1251 1748 processissent,
1273 1671 1325 1747 24,
1346 1671 1378 1746 5,
1399 1671 1419 1734 3
1441 1669 1598 1753 Hierony-

339 1791 422 1835 mum
456 1771 614 1854 quadrigis
647 1772 785 1834 alborum
821 1789 966 1852 equorum
990 1789 1029 1832 ex
1051 1771 1136 1852 regia
1158 1772 1375 1851 procedentem
1398 1790 1597 1852 conspexere,

339 1866 369 1946 7,
391 1872 481 1948 26,1
513 1872 625 1936 Gallus
653 1872 804 1953 processit
836 1871 1049 1952 magnitudine
1072 1879 1166 1953 55555
1189 1873 1283 1934 armis
1305 1873 1444 1954 insignis.
1483 1872 1529 1934 lb.
1553 1873 1597 1936 Μ.

340 1973 486 2037 Valerius
513 1974 544 2036 iu
573 1974 706 2036 medinm
736 1981 875 2036 armatus
897 1972 1059 2052 processit,
1082 1973 1110 2046 l,
1132 1973 1183 2047 25,
1209 1974 1223 2034 l
1248 1973 1403 2054 trigemini
1427 1975 1544 2037 feroces
1565 1973 1596 2035 in

339 2074 473 2137 medium
501 2075 583 2138 inter
605 2076 683 2137 duas
706 2075 788 2137 acies
811 2074 991 2154 procedunt,
1014 2074 1044 2147 3,
1066 2072 1117 2148 62,
1140 2073 1160 2136 6
1182 2075 1266 2137 avidi
1289 2075 1467 2138 certaminis
1489 2093 1599 2154 prooe-

319 2175 428 2251 vdunt,
456 2175 486 2250 6,
508 2177 559 2251 23,
581 2177 601 2237 2
629 2177 793 2256 procedere
821 2175 852 2238 iu
883 2174 1016 2236 medium
1045 2174 1156 2255 campi,
1185 2177 1215 2250 2,
1237 2175 1330 2250 3b,6
1357 2175 1503 2239 Universi
1524 2194 1598 2254 pro-

340 2296 458 2345 cessere
481 2273 621 2360 (patres)
643 2277 786 2358 precibus
808 2276 930 2357 plebem
954 2283 1156 2355 exposcentes
1179 2284 1246 2352 555,
1268 2276 1319 2351 34,
1341 2277 1372 2351 5,
1394 2272 1414 2339 'l
1436 2283 1598 2340 matronae

338 2377 370 2440 in
403 2378 560 2458 publicum
594 2385 821 2458 processerunt,
850 2375 900 2450 29,
923 2375 974 2450 26,
996 2375 1017 2438 8
1038 2376 1174 2457 legiones
1197 2378 1237 2439 55
1259 2379 1489 2459 prosequendos
1511 2395 1597 2440 555-

339 2478 495 2542 militones
517 2487 744 2560 processerant,
767 2477 818 2552 44,
842 2478 870 2551 l,
893 2477 913 2540 6
935 2483 1044 2539 ornato
1068 2478 1206 2540 exercitu
1228 2479 1351 2542 obviam
1369 2479 1506 2542 venienti
1525 2497 1598 2540 con-

338 2578 398 2641 suli
426 2580 588 2660 processit,
617 2579 668 2654 35,
690 2578 741 2652 46,
765 2579 785 2640 4
806 2579 876 2642 Rex
899 2597 967 2640 cum
990 2578 1073 2640 haud
1097 2579 1203 2658 procul
1225 2587 1316 2660 portu
1340 2599 1482 2661 egressus
1505 2585 1597 2654 esset,

337 2679 542 2762 magistratus
570 2701 690 2762 555555
720 2678 971 2743 Chalcidensium
1001 2686 1033 2742 et
1053 2679 1209 2760 principes
1232 2688 1305 2744 aute
1326 2688 1450 2761 portum
1472 2699 1598 2762 proces·

338 2788 456 2858 serunt,
477 2782 530 2856 40,
552 2781 603 2858 28,
629 2783 642 2843 l
668 2801 774 2844 55555
797 2779 960 2860 compositi
983 2787 1015 2841 et
1036 2779 1182 2842 instructi
1203 2781 1424 2862 procedebant,
1446 2782 1498 2856 34,
1519 2782 1550 2855 5,
1571 2782 1597 2843 l.

337 2880 373 2945 Si
395 2882 511 2963 privati
534 2883 749 2946 tantummodo
773 2883 812 2944 ad
835 2881 1028 2944 suadendum
1041 2927 1048 2942 .
1062 2928 1069 2942 .
1083 2882 1306 2961 processissent
1329 2889 1385 2946 ctt.
1417 2883 1532 2946 Rarius
1551 2889 1599 2946 est

337 2984 460 3064 prodire
483 3004 539 3046 neo
562 2985 690 3046 eandem
715 3002 859 3064 pompam
883 2981 1047 3062 significat,
1071 2989 1105 3044 ut
1129 2983 1157 3057 l,
1182 2983 1231 3058 13,
1253 2983 1274 3045 4
1296 2985 1336 3048 55
1353 2983 1462 3046 foedus
1480 2983 1599 3046 facien·

338 3086 411 3147 dum
434 3087 528 3147 duces
550 3086 715 3165 prodeunt,
739 3085 767 3158 l,
789 3085 841 3158 41,
862 3082 882 3145 6
906 3082 1033 3144 Servius
1056 3103 1124 3146 cum
1148 3085 1259 3148 trabea
1277 3092 1310 3148 et
1326 3083 1488 3149 lictoribus
1504 3085 1598 3166 prod·

337 3185 380 3261 it;
416 3205 475 3266 quo
507 3185 630 3268 quidem
659 3186 724 3248 loco
754 3184 858 3265 prodit
884 3183 961 3246 nihil
991 3182 1075 3245 alind
1104 3192 1153 3248 est
1175 3185 1234 3247 nisi
1255 3185 1288 3248 iu
1310 3185 1434 3266 publico
1456 3193 1599 3267 apparet,

338 3287 451 3367 populo
485 3307 518 3349 55
552 3287 698 3350 ostendit.
742 3286 854 3367 Itaque
888 3283 1033 3346 videntur
1064 3285 1250 3366 transalpini
1283 3287 1443 3351 certiorem
1467 3286 1598 3368 duplicis

244 3409 248 3417 ·
338 3387 511 3470 scripturae
533 3395 656 3468 partem
678 3388 834 3472 selegisse.

421 3488 516 3564 23,8
548 3509 608 3573 555
636 3489 792 3574 proprior
824 3509 865 3562 es,
898 3486 954 3550 555
982 3486 1084 3570 tnagis
1110 3487 1181 3552 scio.
1225 3487 1304 3551 Post
1330 3489 1467 3574 propior
1487 3509 1599 3554 nomen

338 3586 457 3653 colceia
485 3592 607 3653 addunt
633 3591 695 3652 ΜΡ
723 3591 845 3664 Β555.,
872 3586 973 3651 uulsis
1000 3588 1037 3661 P,
1059 3586 1174 3651 colrois
1196 3589 1226 3652 U
1249 3590 1318 3652 edd.
1344 3591 1371 3652 l.
1393 3589 1424 3652 4.
1446 3589 1476 3653 6.
1499 3589 1530 3653 8.
1551 3589 1598 3667 9.;

338 3689 371 3755 in
401 3691 512 3772 quibus
540 3691 682 3756 omnibus
711 3693 799 3754 deest
826 3711 866 3753 es.
909 3688 1034 3771 Reliqui
1063 3691 1131 3752 cdd.
1159 3689 1278 3752 habent
1306 3712 1337 3754 es
1358 3690 1476 3754 colrois
1497 3691 1547 3754 vel
1569 3713 1599 3756 es

339 3789 464 3867 colrois,
487 3801 561 3854 ante
584 3794 665 3873 quod
686 3792 717 3854 iu
741 3793 770 3853 D
793 3809 902 3854 rasura
924 3797 982 3863 est,
1004 3790 1036 3852 iu
1057 3790 1087 3852 R
1109 3797 1213 3854 antem
1235 3789 1292 3854 cul
1313 3792 1375 3856 scis
1396 3793 1529 3856 divisum
1542 3792 1598 3876 (5.

339 3894 369 3956 2.
397 3892 512 3956 lineola
539 3891 695 3978 iunctum)
717 3900 812 3973 atque
834 3913 865 3954 55
887 3891 918 3952 in
940 3891 1146 3972 praecedente
1168 3911 1278 3954 rasura
1300 3893 1363 3956 alia
1385 3913 1478 3956 manu
1500 3894 1600 3974 scrip·

340 4002 406 4056 tum
431 3993 506 4075 (ipsi
529 3993 654 4057 librario
676 3993 788 4056 tribuit
809 3991 990 4075 Riemann).
1034 3992 1070 4054 In
1093 3993 1128 4054 M
1150 4011 1258 4056 versus
1280 3994 1396 4058 desinit
1417 3995 1448 4057 in
1463 3995 1599 4080 propior

340 4093 556 4180 (quamobrem
585 4116 617 4157 es
647 4095 738 4158 facile
772 4093 914 4174 excidit),
948 4093 1029 4154 alter
1055 4091 1168 4174 incipit
1189 4095 1229 4156 ab
1251 4093 1379 4170 coleris,
1403 4097 1483 4178 5555
1506 4116 1546 4159 5.
1569 4098 1598 4158 2.

339 4197 587 4278 interpungeudo
609 4197 641 4258 in
663 4193 720 4258 ool
741 4196 802 4258 sote
825 4194 1023 4258 dividendum
1047 4192 1243 4274 significavit.
1283 4197 1419 4260 Videtur
1435 4198 1521 4260 istud
1540 4197 1601 4260 scis

339 4298 372 4362 id
401 4298 503 4379 ipsum
527 4317 604 4371 esse,
628 4298 709 4379 5555
732 4296 941 4378 subsequitur,
963 4313 1169 4376 praepropere
1191 4296 1340 4378 scriptum
1363 4298 1420 4382 (cs.
1443 4317 1538 4380 supra
1561 4299 1601 4362 ad

340 4399 393 4471 21,
415 4399 434 4461 5
456 4398 542 4483 soli),
564 4406 675 4479 postea
696 4419 769 4462 vero
791 4399 970 4460 adauctum.
1015 4395 1146 4460 Solebat
1171 4398 1252 4461 enim
1274 4397 1325 4462 cel
1346 4399 1420 4462 addi
1442 4401 1483 4462 ad
1505 4400 1602 4464 verba

340 4510 489 4581 suspecta
517 4507 574 4563 aut
594 4499 787 4575 vacillantia,
810 4498 917 4571 5545,
939 4499 959 4560 2
982 4515 1037 4577 pro
1060 4496 1125 4560 iam
1148 4499 1266 4562 tamin
1288 4501 1323 4564 M
1345 4508 1394 4563 555
1415 4510 1547 4575 tautum,
1569 4500 1600 4562 iu

342 4602 368 4663 P
390 4599 441 4666 cel
463 4611 528 4666 tam
550 4610 625 4676 tum,
648 4601 679 4664 in
702 4601 759 4664 FU
781 4598 831 4663 ael
854 4608 986 4671 555555,
1006 4597 1038 4661 in
1061 4598 1172 4662 Bamb.
1195 4610 1230 4662 ut
1252 4610 1373 4664 tautum
1388 4600 1464 4685 (ie.
1480 4599 1514 4665 ul
1530 4611 1601 4664 lau*

342 4699 435 4785 tum).
478 4703 530 4777 32,
558 4701 595 4769 11
621 4721 677 4784 pro
698 4701 815 4766 Priscis
836 4699 960 4764 Latinis
983 4717 1088 4761 omues
1112 4701 1180 4762 555.
1203 4701 1321 4764 habeut
1337 4703 1459 4787 priscis
1480 4700 1530 4765 uel
1552 4701 1601 4764 lo-

343 4801 428 4866 tiuio.
471 4802 578 4867 Facile
601 4810 706 4868 autem
727 4801 778 4867 uel
799 4803 861 4868 aeia
884 4806 1107 4866 commutatum
1132 4807 1181 4864 est
1202 4801 1234 4866 iu
1255 4801 1376 4868 colrois
1400 4811 1457 4868 aut
1478 4802 1603 4878 uelocia,
