3574 5632
373 627 411 682 30
569 628 769 701 Cpilagomeua
792 628 828 684 ad
850 627 882 682 T.
907 627 977 682 Livii
1003 629 1104 686 librum
1128 628 1286 685 vicesimum
1310 630 1439 701 primum.

369 804 444 866 iecit
476 803 583 879 Gron,
617 804 716 866 altero
749 803 824 866 dum
859 804 926 867 ond.
962 803 1055 868 Voss.
1104 803 1279 909 Utrumque
1308 803 1450 866 nimirum
1480 799 1630 881 displicet

370 905 634 968 Drakenborohio.

454 1059 505 1130 43,
528 1057 548 1119 4
571 1055 753 1118 habentibus
775 1058 843 1120 cdd.
868 1059 936 1119 edd.
960 1055 1103 1120 habentes
1125 1059 1252 1139 Madvig
1273 1056 1462 1121 Gronovinm
1476 1054 1628 1134 allegans,

372 1180 460 1242 quem
498 1167 602 1220 tanren
636 1158 723 1219 video
752 1159 848 1220 tacite
871 1157 1054 1220 habentibus
1077 1159 1263 1222 exhibuisse.
1307 1158 1353 1222 At
1376 1165 1458 1221 teste
1480 1155 1627 1217 Draken-

373 1261 497 1323 borchio
532 1259 650 1321 ruennit
672 1259 735 1320 Iac.
760 1257 934 1321 Gronovius
958 1269 989 1322 et
1012 1261 1092 1340 patri
1116 1261 1146 1322 in
1171 1269 1305 1322 mentem
1330 1260 1451 1322 venisse
1473 1253 1628 1326 habentes,

370 1370 407 1423 ut
429 1361 597 1423 eruendant
614 1359 733 1439 Doujat
756 1368 787 1422 et
811 1359 944 1423 Crevier.
989 1361 1033 1424 Ut
1056 1361 1149 1440 paulo
1172 1371 1243 1441 post
1265 1369 1386 1446 urgent,
1409 1359 1453 1422 sic
1476 1355 1628 1419 claudant

371 1484 405 1526 eo
430 1461 527 1542 magis
550 1461 669 1522 obiecto
694 1481 796 1523 carere
819 1469 954 1539 poterat,
988 1462 1068 1544 quod
1099 1462 1137 1523 ad
1161 1462 1218 1524 hoe
1241 1483 1295 1542 per
1317 1480 1447 1542 zeugma
1468 1457 1627 1540 significa-

371 1563 464 1626 tionis
487 1583 507 1624 a
529 1562 670 1642 sequenti
693 1561 815 1623 nornine
839 1563 946 1643 effugii
969 1563 1033 1642 peti
1056 1570 1169 1644 potest.
1213 1565 1293 1625 Nam
1319 1563 1462 1625 claudere
1475 1559 1626 1638 effugium

372 1673 420 1726 est
443 1664 523 1738 viam
549 1663 703 1736 claudere,
726 1682 788 1743 qua
811 1663 948 1743 effugere
971 1663 1083 1746 aliquis
1107 1671 1221 1744 potest,
1251 1673 1285 1726 ut
1308 1665 1382 1726 Tac.
1405 1662 1488 1726 Ann.
1515 1657 1565 1732 16,
1590 1657 1629 1718 15

373 1765 511 1828 οθηωτίο
535 1810 542 1826 .
567 1808 573 1823 .
598 1763 715 1842 effugia
738 1763 831 1825 villae
855 1764 977 1836 clausit,
1001 1765 1069 1826 Liv.
1092 1764 1143 1840 24,
1166 1763 1217 1838 26,
1242 1767 1280 1826 12
1303 1766 1328 1827 si
1353 1763 1501 1844 effugium
1533 1767 1630 1842 patn-

370 1867 448 1928 isset
470 1865 499 1927 in
525 1864 690 1944 publicum.
735 1864 852 1926 Tamen
878 1865 925 1925 vel
948 1865 1131 1944 simpliciter
1154 1865 1295 1928 claudere
1320 1866 1461 1928 absolute
1485 1859 1628 1942 ponitur:

371 1969 422 2040 22,
445 1967 475 2039 ὅ,
498 1964 517 2028 6
540 1966 580 2026 ab
602 1973 689 2046 tergo
712 1964 845 2026 hostium
871 1965 953 2026 acies
976 1966 1151 2040 claudebat,
1174 1965 1225 2040 36,
1249 1965 1298 2042 18,
1320 1967 1340 2028 4
1363 1966 1430 2028 loca
1441 1963 1527 2026 invia
1542 1961 1630 2023 clau-

373 2069 460 2139 dunt,
484 2059 535 2139 37,
557 2060 608 2138 27,
630 2060 650 2126 7
673 2085 764 2144 rupes
788 2065 946 2128 claudunt.
990 2067 1082 2129 Haud
1105 2067 1283 2148 infrequens
1306 2067 1428 2129 omnino
1452 2073 1500 2127 est
1511 2063 1539 2124 is
1554 2081 1630 2123 usus

373 2169 534 2230 verborum
558 2166 808 2229 transitivorum:
832 2168 861 2240 2,
884 2167 934 2240 68,
958 2161 977 2228 'l
1000 2188 1056 2229 neo
1079 2169 1177 2248 pudor
1199 2189 1255 2231 nec
1278 2177 1378 2230 metus
1402 2165 1577 2235 coercebat,
1603 2161 1630 2234 l,

373 2270 424 2342 53,
456 2268 476 2329 4
510 2267 632 2347 excepit
666 2267 780 2328 lentius
813 2287 867 2347 spe
901 2268 1026 2329 bellurn.
1071 2268 1204 2349 Saepius
1227 2271 1313 2332 ducit
1335 2270 1374 2331 ad
1397 2269 1530 2339 hostem,
1555 2283 1629 2325 aves

374 2369 533 2441 addicunt,
556 2368 628 2429 alia.
652 2404 692 2413 -
715 2367 761 2428 Ib.
784 2368 888 2429 maior
910 2369 978 2430 edd.
1002 2376 1075 2430 ante
1099 2370 1196 2431 Drak.
1210 2371 1313 2434 maior
1324 2369 1435 2432 Padus
1448 2367 1516 2430 cdd.
1531 2364 1628 2427 Drak.

372 2470 463 2533 st.
487 2469 562 2531 Wfl.
596 2468 778 2550 Repetitum
801 2468 877 2530 illud
901 2489 1010 2532 nornen
1034 2469 1168 2532 flrrnrinis
1192 2472 1324 2553 quaesiti
1348 2469 1463 2552 aliquid
1488 2465 1629 2530 molesti·

375 2592 432 2654 que
455 2571 561 2632 habet.
605 2569 710 2630 Facile
745 2569 890 2630 iteratum
927 2579 985 2644 est,
1019 2579 1074 2631 aut
1101 2591 1138 2633 ex
1167 2573 1305 2652 margine
1331 2569 1530 2652 immigravit.
1556 2568 1628 2645 Mvg

373 2673 459 2736 uncis
481 2670 617 2734 inclusit.

459 2823 511 2896 44,
533 2821 553 2883 6
575 2820 628 2884 Ad
651 2819 807 2884 Hiberum
830 2830 873 2883 est
891 2820 1083 2903 Saguntum,
1106 2825 1197 2903 qnod,
1220 2823 1293 2904 quia
1315 2823 1363 2886 vel
1387 2843 1406 2884 a
1429 2821 1630 2903 Carthagini·

375 2925 440 2988 ensi
462 2925 526 2997 illo,
549 2923 600 3004 qni
623 2921 834 3003 interloqueus
856 2921 1021 2995 inducitur,
1044 2923 1092 2984 vel
1116 2942 1136 2984 a
1157 2924 1297 2986 Romano
1319 2924 1424 3004 inepte
1447 2923 1630 2986 adfirmare·

375 3035 436 3098 tur,
458 3024 545 3087 nucis
567 3022 759 3085 incluserant
781 3024 829 3084 Ha
852 3032 885 3084 et
905 3022 936 3084 in
960 3024 1008 3084 ed.
1034 3024 1060 3084 l.
1083 3023 1186 3099 st.,
1209 3024 1339 3088 molesto
1362 3024 1579 3086 additamento
1591 3025 1630 3086 nd

375 3127 457 3189 hano
480 3125 602 3186 modurn
627 3124 791 3186 exornavit
812 3123 955 3204 Madvig:
978 3123 1109 3186 Athon
1131 3125 1173 3186 od
1195 3126 1344 3188 Hiberum
1369 3133 1417 3188 est
1442 3125 1630 3206 Saguntum.

375 3227 504 3290 Habent
525 3243 597 3287 vero
621 3225 689 3286 cdd.
713 3243 772 3286 non
796 3233 829 3286 at
851 3223 1002 3297 hiberum,
1025 3227 1078 3288 sed
1103 3225 1145 3286 ad
1167 3225 1316 3288 hiberum.
1360 3225 1435 3288 Alia
1462 3225 1558 3307 igitur
1580 3226 1630 3288 in·

375 3326 568 3409 terpretandi
591 3325 642 3388 via
664 3325 800 3388 ineunda
819 3345 886 3389 esse
909 3326 1042 3388 videtur.
1086 3327 1187 3388 Vetat
1208 3327 1367 3390 Romanus
1390 3327 1631 3407 Carthaginien·

375 3447 440 3492 sem
474 3428 622 3490 Hiberum
659 3427 801 3500 transire,
837 3435 925 3488 vetat
955 3447 1023 3489 eum
1047 3427 1238 3508 Saguntinos
1261 3429 1341 3490 bello
1365 3427 1527 3500 lacessere,
1550 3447 1631 3509 quae

375 3529 559 3593 coniunctim
594 3528 756 3608 postulata
787 3527 1037 3607 Carthaginiensi
1066 3547 1172 3590 ansam
1198 3530 1275 3591 dant
1297 3530 1336 3591 ad
1359 3529 1629 3609 interrogandum:

378 3631 429 3696 ud
465 3628 620 3692 Hiberum
653 3638 696 3690 eat
728 3623 926 3711 &warneri
969 3629 1080 3709 Itaque
1103 3630 1289 3692 modestiore
1312 3631 1401 3692 modo
1424 3631 1631 3692 admonentur

376 3729 519 3804 Romani,
542 3731 622 3810 quod
646 3730 704 3808 ipsi
728 3731 766 3790 de
789 3729 920 3791 termino
943 3729 1078 3791 bellandi
1102 3731 1298 3805 statuissent,
1321 3731 1352 3793 id
1376 3732 1415 3792 ad
1438 3731 1631 3811 Saguntinos

377 3832 501 3894 minime
525 3831 694 3910 pertinere:
718 3851 755 3892 ne
778 3831 920 3893 adiacere
939 3830 1060 3912 quidem
1081 3831 1196 3894 Hibero
1210 3831 1397 3913 Saguntum,
1420 3834 1530 3894 nedum
1548 3832 1631 3894 ultra

375 3933 452 3996 illud
475 3931 587 3993 flumen
612 3931 706 3993 situm
730 3951 806 3992 esse.
852 3932 903 3994 Ad
926 3931 1040 3994 instam
1064 3931 1149 3994 illam
1181 3931 1454 4014 interrogationem
1483 3932 1630 4012 superbia

376 4035 479 4097 elatus
512 4033 650 4112 praecise
683 4034 851 4111 respondet
877 4032 1037 4095 Minoaue
1060 4051 1213 4113 quoquam
1237 4034 1360 4096 omnino
1383 4034 1465 4096 ultra
1487 4034 1630 4113 progredi

375 4142 487 4196 vetans
511 4132 794 4213 Carthaginienses.
838 4134 929 4195 Hanc
950 4133 1252 4212 interpretationem,
1281 4154 1372 4214 quarn
1402 4135 1432 4195 in
1456 4134 1558 4214 priore
1582 4135 1629 4196 ed.

377 4236 534 4307 dederam,
556 4233 702 4314 probavit
723 4233 958 4296 Weissenborn.
1003 4234 1140 4314 Madvig,
1164 4242 1200 4296 ut
1221 4255 1308 4296 sunm
1333 4235 1484 4308 obtineat,
1507 4255 1523 4296 e
1547 4235 1632 4297 eodi-

378 4355 446 4400 enm
481 4335 635 4414 scriptura
668 4334 725 4408 (nd
751 4332 892 4396 hiberum
920 4344 964 4396 eat
984 4332 1175 4417 Saguntum)
1198 4335 1320 4398 facilius
1343 4335 1423 4398 ellici
1447 4336 1492 4398 ait
1514 4345 1548 4396 nt
1570 4355 1631 4398 aon

378 4435 421 4500 ad
443 4434 601 4498 Hiberum
619 4455 711 4515 quam
734 4445 767 4497 nt
793 4435 838 4497 cia
860 4435 1027 4497 Hiberam.
1070 4436 1223 4498 Neutrum
1247 4455 1319 4498 vero
1343 4457 1359 4498 e
1381 4437 1518 4498 codicum
1532 4438 1631 4517 scrip-

376 4546 449 4600 tura
472 4535 614 4608 eflicitur,
649 4555 714 4609 nec,
736 4537 762 4596 si
792 4544 875 4600 reete
903 4536 1097 4615 intelligitur,
1127 4537 1294 4617 quidquam
1324 4537 1393 4599 novi
1416 4537 1488 4598 inde
1511 4538 1632 4600 efficere

378 4659 456 4720 opns
479 4645 537 4703 est.
582 4638 612 4699 A
636 4637 788 4716 prioribus
811 4639 880 4698 edd.
904 4657 958 4716 pro
981 4636 1142 4698 enuntiato
1165 4636 1353 4700 affirmativo
1376 4646 1538 4717 acceptum
1554 4638 1631 4700 illud

378 4740 494 4802 dictum
519 4739 674 4819 plerisque
688 4737 955 4818 Carthaginiensis
967 4738 1193 4817 respondentis,
1216 4738 1330 4800 Fabrio
1342 4739 1474 4800 Romani
1487 4739 1634 4800 incusan-

379 4840 420 4902 tis
443 4859 511 4902 esse
533 4839 632 4901 visum
657 4847 734 4900 erat.
