3584 5632
346 633 385 688 to
430 656 432 659 ¹
631 629 832 714 Epileqcmeua
853 629 889 684 ad
912 629 943 690 Τ.
968 631 1042 685 Livii
1064 629 1168 684 librum
1190 629 1319 700 primum.

347 806 484 888 equitum
501 812 630 896 ¹turmas
651 801 887 874 insinuaverint,
911 821 949 862 ex
972 802 1089 864 essedis
1112 799 1259 865 desiliunt
1281 799 1465 880 etpedibus
1488 800 1604 880 proeli-

347 915 450 980 antur,
478 904 508 980 6,
533 899 571 966 17
595 923 674 984 «qnae
697 903 912 984 superaverint
934 902 1082 968 animalia
1104 909 1199 982 capta
1219 902 1392 974 immolant,
1415 899 1445 974 6,
1469 899 1509 963 18
1531 920 1604 964 suos

346 1008 469 1081 liberos,
505 1005 563 1068 nisi
598 1024 665 1066 curn
703 1003 903 1076 adoleverint,
938 1012 973 1065 ut
1005 1023 1115 1066 munus
1143 1003 1272 1064 militiae
1295 1003 1449 1066 sustinere
1472 1003 1604 1082 possint,

346 1110 450 1190 palam
484 1109 523 1170 ad
558 1125 591 1168 se
618 1105 703 1166 adire
732 1124 790 1166 nou
819 1106 992 1184 patiuntur,
1020 1104 1050 1177 6,
1073 1107 1113 1166 22
1141 1103 1284 1184 gentibus
1308 1102 1604 1184 cognationibusque

345 1209 514 1281 homiuum,
549 1207 600 1288 qui
624 1225 686 1268 una
708 1205 847 1278 coierint,
870 1214 1019 1286 qnantum
1043 1215 1076 1268 et
1098 1225 1157 1286 quo
1180 1205 1245 1266 loco
1268 1204 1368 1266 visum
1391 1210 1440 1266 est
1462 1203 1527 1284 agri
1551 1211 1604 1266 at-

346 1311 497 1384 tribuunt,
520 1307 550 1381 6,
572 1308 613 1369 23
636 1307 687 1388 qui
710 1326 831 1387 quaque
854 1308 891 1368 de
915 1326 1008 1368 causa
1031 1308 1070 1369 ad
1094 1325 1145 1368 eos
1167 1305 1319 1378 venerint,
1342 1305 1382 1366 ab
1399 1304 1512 1366 iniuria
1530 1324 1604 1384 pro-

346 1411 455 1474 hibent
483 1417 668 1490 sanctosque
698 1407 824 1480 habent,
853 1406 883 1480 6,
905 1401 945 1470 27
968 1407 1022 1489 (de
1045 1408 1179 1488 alcibus)
1203 1425 1311 1488 neque,
1334 1406 1360 1467 si
1379 1425 1442 1486 quo
1465 1405 1603 1468 afflictae

346 1532 419 1576 casu
443 1509 632 1574 conciderint
654 1508 769 1590 erigere
792 1528 859 1571 sese
882 1518 1012 1588 possunt
1027 1555 1033 1570 .
1048 1555 1055 1570 .
1069 1509 1139 1570 Huc
1161 1527 1229 1570 cum
1252 1527 1285 1570 se
1308 1505 1530 1570 consuetudine
1553 1508 1635 1568 re-’

347 1613 540 1687 cliuaverint,
563 1611 701 1674 infirmas
724 1610 850 1672 arbores
872 1611 1007 1689 pondere
1031 1609 1174 1690 affligunt
1196 1616 1290 1690 atque
1314 1628 1376 1670 una
1397 1608 1485 1688 ipsae
1499 1607 1604 1670 couci·

346 1716 436 1787 dunt,
461 1712 491 1787 6,
513 1712 555 1774 28
583 1731 681 1792 neque
709 1710 825 1772 homini
855 1730 952 1791 neque
976 1712 1069 1783 ferae,
1092 1729 1184 1791 quam
1209 1709 1436 1789 conspexerint,
1459 1717 1602 1788 parcunt

345 1817 432 1878 Haec
455 1813 622 1886 sufficiant,
646 1819 680 1874 ut
702 1819 865 1874 moueatur
885 1811 970 1873 illum
995 1831 1164 1874 sermonem
1185 1811 1476 1891 pervagatissimum
1495 1810 1603 1890 utique

347 1937 414 1980 esse
436 1915 643 1998 recognitione
667 1912 802 1994 dignum.
846 1911 896 1974 Ad
920 1912 1051 1992 primum
1075 1912 1150 1975 illud
1174 1912 1350 1992 exemplum
1365 1911 1444 1974 haec
1458 1911 1605 1991 exposuit

345 2017 552 2081 Baumstark:
587 2013 784 2086 »manserint
807 2013 1001 2094 Oonjunctiv,
1025 2015 1071 2076 als
1094 2014 1206 2078 Modus
1229 2015 1283 2075 der
1304 2011 1602 2076 Unbestimmtheit:

346 2119 395 2182 die
418 2118 585 2199 Uebrigen,
608 2115 704 2178 soviel
727 2115 808 2176 ihrer
826 2115 980 2194 jedesrnal
1001 2135 1038 2176 zu
1061 2115 1168 2178 Hause
1182 2113 1341 2196 gablieben
1357 2134 1433 2196 seyn
1448 2113 1604 2176 urochteu.

345 2219 389 2282 Es
417 2239 481 2284 var
508 2217 644 2282 nttmlich
666 2216 751 2279 bloss
774 2216 822 2278 die
845 2215 922 2278 Zahl
945 2217 1000 2279 der
1021 2215 1259 2280 Ausziehendeu
1282 2215 1454 2288 resumat,
1476 2214 1525 2278 die
1548 2216 1605 2276 der

344 2319 664 2384 Dsheimbleibendeu
687 2319 824 2399 dagegen
848 2317 967 2392 nicht»;
989 2318 1028 2379 ad
1053 2318 1221 2381 secundum
1242 2324 1357 2392 autem,
1373 2335 1452 2398 quae
1466 2335 1605 2398 sequun-

346 2431 412 2486 tur:
435 2419 690 2496 »iaet'acnoeriat
714 2418 908 2499 conjunctis,
931 2419 987 2482 vie
1009 2419 1050 2482 im
1074 2417 1198 2482 Griech.
1222 2420 1276 2482 der
1299 2417 1441 2499 Optativ,
1463 2437 1519 2482 zur
1531 2418 1604 2480 An-

345 2525 424 2606 gabe
456 2522 671 2588 viederholter
703 2520 890 2602 Ereignisse,
924 2521 979 2584 vie
1012 2523 1037 2595 1,
1059 2521 1100 2582 25
1128 2540 1195 2582 eum
1226 2521 1340 2584 ferrum
1363 2539 1397 2582 se
1419 2519 1601 2583 inflexisset.

344 2626 422 2688 Also
451 2625 531 2688 hier:
561 2623 715 2704 jedesmal
742 2643 828 2685 venn
852 2623 896 2684 sie
919 2622 984 2685 sich
1007 2621 1156 2686 zwiseheu
1180 2622 1229 2684 die
1251 2621 1474 2684 Reiterhauleu
1497 2621 1601 2684 hiueiu

345 2728 523 2809 gevonden,
546 2726 696 2807 gedrdugt
719 2723 847 2786 habens.

429 2829 480 2902 32,
510 2828 545 2889 11
582 2847 697 2898 reram,
729 2823 844 2899 litium,
878 2847 1055 2899 caesaram,
1089 2825 1260 2888 trimembri
1293 2825 1433 2888 oratioue
1466 2823 1602 2904 demptis

346 2928 612 2993 coniunctionibus
646 2926 794 2989 dissolute
828 2946 865 2988 ac
897 2926 1088 2989 sollemniter
1121 2926 1238 2988 dictum
1269 2945 1379 2988 caesae
1401 2925 1447 2988 illi
1468 2924 1601 2988 orationi

345 3030 516 3094 trimembri
540 3028 638 3106 (dari,
661 3025 749 3101 solui,
764 3027 865 3114 fieri),
889 3028 1002 3108 quain
1025 3028 1085 3089 fine
1107 3027 1282 3090 sententias
1304 3027 1441 3108 graviter
1460 3035 1494 3088 et
1508 3046 1600 3088 aceu-

345 3139 413 3194 rate
440 3129 585 3212 repetitio
612 3130 658 3202 iit,
681 3127 875 3209 aptissimum
900 3136 956 3190 est.
1001 3128 1141 3209 Respicit
1162 3135 1266 3190 autem
1292 3149 1459 3190 caseorum
1481 3127 1603 3207 praeci-

345 3252 405 3313 pue
433 3251 502 3294 eum
535 3232 678 3303 fructum,
708 3249 797 3311 quem
822 3229 995 3290 exrebus
1018 3229 1128 3309 raptis,
1151 3229 1323 3310 dequibus
1347 3229 1602 3310 litigabatur,

345 3332 502 3414 percipere
526 3337 632 3413 posset
653 3331 690 3404 ie,
714 3331 764 3412 qui
788 3331 926 3410 petebat.
971 3330 1120 3411 Sequitur
1142 3331 1209 3410 pari
1232 3331 1322 3393 modo
1344 3330 1375 3392 in
1398 3331 1531 3392 formula
1553 3330 1600 3392 f-

344 3433 413 3496 tiali
442 3433 457 3516 6
482 3434 520 3496 13
548 3432 676 3507 censuit,
705 3432 867 3505 consensit,
888 3431 1045 3494 comcieit.
1091 3430 1139 3494 cf.
1164 3431 1226 3494 Cic.
1250 3429 1320 3493 Att.
1346 3429 1394 3504 16,
1419 3429 1467 3505 16,
1489 3429 1511 3492 8
1532 3431 1602 3512 qui-

344 3535 403 3598 bns
430 3533 634 3615 (Buthrotiis)
663 3540 695 3595 et
721 3532 788 3614 lege
817 3541 849 3594 et
876 3540 1004 3595 senatus
1032 3532 1171 3596 consulto
1199 3532 1382 3613 permissum
1405 3542 1482 3606 erat;
1506 3539 1541 3593 ut
1563 3533 1602 3594 de

346 3635 490 3698 Caesaris
513 3634 592 3698 actis
614 3644 837 3717 capnoscereat,
860 3642 1038 3708 stutrtcreat,
1060 3633 1246 3696 iudicarent.
1286 3634 1333 3695 Ib.
1356 3632 1371 3715 §
1396 3633 1430 3694 ll
1457 3651 1536 3714 quae
1550 3633 1602 3694 lex

345 3755 450 3799 earum
485 3755 596 3808 rerum,
630 3755 707 3817 quas
736 3735 854 3799 Cacsar
881 3734 1047 3808 statuisset,
1069 3735 1260 3809 decrevisset,
1283 3735 1402 3818 epictet,
1425 3733 1601 3796 consulibus

347 3837 550 3918 cognitionem
574 3835 670 3899 dedit.
703 3836 772 3898 Liv.
795 3834 845 3907 38,
868 3836 919 3908 34,
941 3837 960 3896 2
983 3835 1033 3916 qni
1056 3835 1098 3897 ibi
1121 3835 1320 3909 mansissent,
1343 3855 1394 3899 eos
1412 3834 1602 3919 prendendi,

345 3936 531 4010 abducendi,
564 3937 718 4000 uendendi
741 3935 881 3998 Achaeis
903 3935 951 3998 ius
974 3943 1065 3998 esset.
1109 3936 1220 3998 Rarior
1242 3943 1400 4000 structura
1422 3937 1523 4000 estin
1546 3955 1602 3998 ve-

344 4047 411 4100 tere
443 4037 503 4100 hac
535 4037 669 4099 formula
702 4036 861 4099 condicere
889 4036 980 4099 alicui
1003 4036 1133 4098 alicuius
1155 4037 1199 4100 rei
1221 4035 1257 4121 (i.
1281 4057 1306 4099 e.
1330 4037 1459 4100 diceudo
1481 4037 1601 4100 denun-

345 4139 452 4219 tiare),
486 4139 572 4200 facta
605 4139 644 4200 ad
678 4137 910 4200 similitudinem
945 4138 1106 4200 verborum
1139 4137 1306 4212 iudicandi,
1339 4137 1426 4200 velut
1456 4136 1507 4212 26,
1529 4135 1602 4211 3,9

344 4239 547 4320 Sempronius
580 4239 799 4318 perduellionis
831 4257 865 4300 se
892 4238 1027 4302 iudicare
1057 4237 1112 4302 (lu.
1136 4239 1246 4302 Fulvio
1269 4238 1444 4314 tiniarum
1467 4232 1601 4321 §lca-

343 4341 419 4420 pitis
440 4339 614 4420 anquirere.
658 4339 706 4404 Of.
730 4339 863 4402 Collatia
887 4339 1022 4402 codicum
1046 4360 1076 4419 p.
1099 4338 1149 4402 84.

427 4442 473 4502 Ib.
501 4437 590 4513 solvi,
613 4439 690 4526 fieri
719 4440 835 4519 primus
862 4441 891 4502 iu
917 4449 1065 4502 contextu
1087 4439 1212 4520 scripsit
1234 4439 1353 4514 Alsch,
1376 4442 1457 4521 quod
1480 4461 1548 4504 esse
1570 4441 1601 4502 in

343 4542 430 4604 Harl.
460 4557 481 4602 1.
510 4540 611 4604 miuus
640 4541 801 4621 diligenter
830 4543 1037 4604 adnotaverat
1057 4541 1281 4604 Drakenborch
1303 4539 1381 4625 (iam
1405 4542 1485 4606 euim
1509 4561 1601 4622 aper-

342 4651 407 4704 tum
432 4650 481 4704 est
503 4642 640 4704 ordinem
665 4642 869 4704 membrorum
892 4649 1183 4704 commemorantem
1208 4661 1275 4706 eum
1299 4643 1338 4704 ad
1362 4642 1485 4724 singula
1506 4643 1601 4704 verba

342 4742 442 4804 rninus
471 4741 606 4806 animum
626 4740 840 4826 ‘intendisse);
873 4743 971 4804 secuti
994 4752 1067 4804 sunt
1089 4743 1312 4806 Weissenborn
1336 4752 1368 4805 et
1389 4743 1528 4824 Madvig,
1550 4743 1601 4805 ille

340 4851 446 4906 tamen
469 4851 581 4924 postea
602 4845 739 4906 deseruit
760 4851 855 4924 atque
879 4843 908 4906 iu
934 4851 1063 4925 utraque
1087 4844 1223 4908 editione
1244 4844 1286 4920 id,
1301 4845 1383 4926 quod
1399 4844 1517 4908 habeut
1533 4845 1600 4908 cdd.
