3574 5632
369 642 572 714 Epilegomena
595 640 631 696 ad
653 641 685 696 Τ.
709 641 779 696 Livii
803 641 906 695 librum
930 641 1089 696 vicesimum
1112 638 1244 709 primum.
1395 643 1434 697 53

181 817 281 888 credo,
316 833 426 894 parare
460 814 630 877 victoriam.
685 812 738 875 Sic
772 815 865 876 etiam
890 822 1071 876 constanter
1091 832 1200 893 parere
1223 833 1331 894 pacem
1355 815 1433 900 (pax

180 924 273 997 parta
305 915 373 978 sim.
405 918 432 990 1,
457 914 504 990 19,
527 917 556 978 3.
580 917 609 989 2,
632 913 682 988 26,
704 914 734 989 4;
756 914 808 989 31,
834 917 880 977 10.
903 917 933 990 3,
958 914 1006 989 19,
1032 915 1057 989 1;
1081 915 1131 989 24,
1157 914 1204 976 11.
1227 915 1257 989 5,
1283 917 1309 989 1,
1334 917 1361 978 1.
1386 918 1435 991 10,

180 1020 210 1090 2,
244 1015 290 1100 2),
324 1018 463 1098 gloriam,
498 1017 658 1096 praedam,
691 1017 864 1094 pecuniam,
887 1016 1123 1096 possessionem,
1153 1015 1340 1091 libertatem,
1363 1038 1435 1099 gra-

181 1119 270 1192 tiam,
303 1118 483 1192 amicitiam,
511 1117 713 1189 occasionem,
736 1118 930 1191 societatem,
952 1117 1023 1180 alia.
1067 1116 1196 1197 Madvig
1218 1118 1360 1198 denique,
1383 1139 1436 1181 cur

183 1220 302 1281 codices
325 1219 469 1282 deserens
489 1229 607 1303 parata
628 1218 761 1280 victoria
776 1217 853 1303 srue'
874 1218 1042 1298 scripserit,
1066 1218 1096 1279 in
1120 1218 1167 1280 91.
1191 1219 1219 1278 3.
1244 1220 1360 1282 nullam
1383 1241 1436 1282 ra-

182 1321 296 1382 tionem
320 1321 433 1395 reddit,
455 1320 486 1381 in
510 1323 556 1382 ed.
583 1322 607 1380 l.
631 1339 687 1380 suo
710 1338 792 1380 more
816 1319 1033 1382 interclusione
1057 1339 1166 1381 nomen
1190 1321 1308 1398 profert
1330 1319 1436 1401 (Bur-

183 1425 341 1502 mannus).
387 1422 519 1502 Spectat
541 1421 599 1482 hoc
621 1421 659 1482 ad
684 1420 822 1482 Petronii
846 1421 1010 1502 Satyricon
1035 1440 1101 1500 cap.
1125 1419 1189 1482 XV
1213 1429 1292 1483 extr.

516 1522 606 1596 Nolo,
630 1522 710 1603 quod
734 1521 833 1602 cupio,
856 1521 963 1583 statim
987 1530 1103 1596 tenere,

517 1623 583 1684 Nec
605 1621 735 1684 victoria
758 1622 798 1682 mi
822 1623 926 1702 placet
949 1632 1070 1702 parata,

185 1724 237 1786 ubi
272 1724 328 1786 hoc
361 1723 450 1786 addit
472 1725 684 1786 Burmannus:
709 1723 820 1803 «Apud
844 1724 965 1785 Livium
991 1724 1043 1784 lib.
1068 1725 1107 1785 V.
1132 1743 1199 1803 cap.
1222 1722 1250 1788 6.
1275 1723 1367 1785 etiarn
1392 1725 1438 1786 19-

183 1825 314 1905 gendum
349 1833 439 1905 puto:
473 1826 671 1886 insuesce..
696 1835 841 1907 .parota
873 1825 1005 1886 uictoria
1032 1823 1132 1909 frui».
1177 1825 1243 1886 Nec
1266 1834 1369 1887 tamen
1393 1824 1436 1885 ibi

185 1926 371 1987 adiectivum
395 1926 471 1986 illud
495 1926 587 1986 aliam
611 1926 671 1987 vim
697 1926 792 1987 habet
815 1945 906 2006 qnam
931 1925 1005 1987 locis
1029 1927 1118 1987 nrodo
1141 1925 1256 1986 allatis.
1301 1926 1336 1986 In
1353 1944 1438 1986 erro-

183 2047 245 2088 rem
270 2027 455 2100 inciderunt,
479 2027 529 2108 qui
553 2027 605 2110 (ut
628 2027 769 2108 Crevier)
792 2027 843 2100 42,
870 2026 959 2100 11,9
982 2027 1186 2107 scripserunt:
1210 2046 1288 2101 eam,
1313 2047 1391 2108 quae
1407 2071 1437 2087 ..

185 2128 291 2189 multis
315 2129 494 2209 magnisque
519 2128 636 2190 meritis
660 2135 831 2208 pararetur,
855 2128 1085 2190 auctoritatem.

268 2261 319 2334 61,
355 2262 390 2324 11
425 2263 595 2325 ,4119991999
628 2263 688 2325 CM
717 2262 1438 2346 91191791).Μνς.1711.991991’911’9Ρ(999

186 2362 220 2435 C,
258 2370 291 2424 ut
328 2363 401 2424 mihi
440 2364 538 2426 visum
576 2363 649 2445 est).
708 2363 872 2425 Amueitus
913 2365 938 2424 1.
973 2365 1001 2425 3.
1024 2365 1107 2443 Meg.
1133 2363 1204 2424 Ald.
1228 2365 1319 2424 Frob.
1344 2363 1439 2426 Gran.

184 2463 282 2524 Drak.
338 2463 427 2535 Quae
461 2465 551 2527 hodie
575 2466 788 2527 circumfertur
810 2465 936 2544 scriptio
960 2465 1101 2537 nominis,
1125 2465 1216 2526 valde
1239 2464 1359 2526 incerta
1382 2473 1438 2527 est.

184 2567 348 2626 «Fortasse
384 2565 485 2628 verius
517 2576 585 2627 erat
618 2574 673 2627 aut
706 2566 875 2639 Amusicus,
909 2573 944 2627 nt
976 2565 1135 2638 indebilis,
1172 2573 1227 2626 ant
1248 2566 1440 2639 Amusict'ue,

186 2666 264 2747 quod
287 2667 319 2727 in
342 2668 423 2728 Hav.
447 2667 595 2747 scriptum
621 2675 678 2739 991,
702 2674 737 2728 91
759 2667 971 2739 Mandonius»,
995 2666 1102 2727 Alsclr.

269 2801 320 2874 62,
353 2805 373 2864 3
403 2804 436 2863 iu
451 2801 529 2888 foro
554 2801 661 2864 boario
684 2802 758 2863 Wfl.
782 2801 871 2862 st.
896 2803 942 2863 ed.
966 2800 995 2863 6.
1020 2801 1093 2882 Mvg
1116 2802 1162 2862 ed.
1187 2803 1216 2862 3.
1233 2800 1310 2885 soro
1334 2800 1441 2864 boario

186 2904 274 2965 PCM
301 2904 326 2964 1.
350 2905 379 2966 3.
402 2905 485 2984 Mag,
509 2903 582 2964 Ald.
607 2910 679 2964 cett.
703 2903 795 2964 st.
818 2903 865 2964 ed.
892 2903 917 2963 1.
942 2903 1015 2983 Mvg
1039 2902 1085 2963 ed.
1112 2903 1137 2968 1.
1182 2904 1331 2964 Ponenda
1353 2903 1441 2965 vide-

188 3011 239 3065 tur
261 3004 450 3084 praepositio
478 3005 507 3066 in
531 3005 589 3066 hoc
612 3004 784 3066 enuntiatio
808 3015 842 3066 ut
864 3004 893 3065 in
918 3005 1138 3083 praecedente3
1161 3011 1266 3065 tamen
1279 3024 1372 3084 saepe
1385 3005 1442 3066 ab·

188 3113 246 3177 est,
280 3112 314 3166 ut
342 3107 393 3179 22,
419 3106 446 3179 l,
472 3107 510 3166 12
533 3107 652 3186 signum
676 3105 788 3167 Martis
812 3104 917 3185 Appia
939 3105 991 3166 119
1013 3106 1152 3177 9919999,
1178 3105 1226 3178 10,
1253 3104 1303 3178 36,
1329 3104 1367 3167 16
1390 3126 1442 3167 99·

188 3205 280 3278 19919,
318 3227 396 3288 quae
430 3207 482 3268 via
514 3208 631 3268 Latina
663 3215 721 3280 991,
754 3207 784 3280 4,
812 3207 863 3279 41,
892 3206 995 3266 81919
1020 3206 1123 3268 999991
1147 3206 1381 3268 viaLabicana
1403 3209 1441 3268 ad

188 3308 293 3368 fanum
332 3306 454 3378 Quietis
488 3316 566 3382 erat,
599 3311 628 3382 2,
656 3303 744 3381 11,7
768 3307 892 3371 Gabina
915 3307 966 3367 via
989 3306 1155 3369 considere.
1201 3307 1364 3370 Contraria
1387 3327 1443 3368 ex-

188 3409 290 3488 empla
321 3417 395 3471 sunt
416 3412 467 3484 22,
490 3409 540 3483 36,
563 3410 584 3472 8
605 3409 636 3471 19
659 3409 710 3470 119
726 3409 879 3470 fornicata
902 3409 1021 3489 aliquot
1043 3408 1182 3470 homines
1206 3408 1242 3468 de
1257 3409 1442 3483 9991919911,

189 3509 236 3582 10,
259 3511 309 3584 23,
333 3511 351 3571 3
374 3511 532 3584 sacellum,
556 3511 636 3592 quod
659 3511 690 3571 in
714 3511 778 3572 loro
801 3509 906 3571 boario
930 3518 988 3583 est,
1011 3511 1061 3582 22,
1084 3503 1134 3581 57,
1157 3507 1228 3570 619
1254 3510 1318 3570 loro
1337 3509 1442 3572 boario

186 3612 243 3673 sub
267 3619 380 3673 terram
401 3612 463 3672 vivi
486 3611 611 3674 demissi
635 3620 716 3686 sunt,
742 3611 792 3685 24,
818 3612 865 3683 10,
888 3605 959 3671 719
985 3612 1049 3672 loro
1072 3608 1177 3671 boario
1200 3609 1348 3692 sanguine
1371 3611 1442 3691 plu-

188 3711 279 3786 visse,
317 3712 355 3774 cf.
386 3713 457 3776 Val.
481 3714 566 3774 Max.
591 3714 619 3786 l,
642 3712 671 3786 6,
694 3713 713 3774 5
736 3713 887 3774 infantem
911 3719 1090 3774 semestrem
1114 3710 1144 3771 in
1169 3711 1233 3773 foro
1257 3710 1361 3774 boario
1384 3713 1443 3774 tri-

190 3813 337 3894 umphum
362 3814 580 3894 proclamasse.

271 3946 322 4021 62,
356 3948 377 4009 4
405 3947 573 4032 puluinari
608 3949 739 4011 coniecit
774 3947 911 4027 Madvig,
949 3946 1022 4008 Wfl.
1042 3943 1229 4029 pulvinario
1252 3945 1341 4008 PCM
1360 3947 1386 4008 1.
1411 3949 1440 4010 3.

188 4048 271 4127 Mog.
303 4047 376 4110 Ald.
412 4057 485 4111 cett.
540 4050 575 4113 Si
599 4058 818 4130 comparantur
840 4048 1002 4127 apiarium,
1027 4046 1258 4121 columbarium,
1282 4048 1329 4109 vel
1354 4048 1441 4127 frigi-

190 4149 320 4223 darium,
354 4149 510 4224 solarlum,
544 4152 592 4213 191
627 4150 812 4230 granarium,
841 4149 1020 4224 sacrarium,
1044 4147 1116 4222 alia,
1140 4146 1344 4228 pulvinarium
1370 4168 1442 4229 pro-

189 4249 253 4330 prie
277 4251 361 4312 locus
384 4260 442 4325 est,
465 4252 495 4313 in
520 4272 578 4332 quo
602 4252 777 4331 pulvinaria
800 4253 924 4313 deornm
949 4251 1178 4323 sternebantur,
1201 4256 1294 4329 atque
1318 4250 1440 4312 omnino

189 4349 273 4412 locus
309 4371 375 4412 9999
409 4353 541 4428 videtur,
576 4353 628 4414 ubi
651 4352 768 4432 pulvini
792 4359 891 4425 erant,
914 4352 1052 4432 adeoque
1076 4350 1252 4412 commodus
1275 4349 1314 4410 ad
1337 4352 1441 4413 sedem
1506 4371 1507 4374 ’

188 4451 435 4534 tranquillusque
469 4455 507 4516 ad
545 4453 678 4534 quietem
702 4453 796 4515 locus.
840 4454 951 4533 Itaque
975 4452 1068 4512 etiam
1093 4452 1175 4531 apud
1198 4451 1345 4512 Plautum
1369 4452 1441 4514 (las.

188 4552 218 4625 3,
251 4554 281 4626 2,
314 4547 355 4614 27
388 4553 564 4618 Alcesimus
598 4554 739 4627 innuens,
772 4575 805 4616 se
839 4555 956 4615 frustra
984 4552 1171 4614 velificatum
1194 4571 1261 4612 esse
1285 4553 1441 4614 amoribus

189 4653 372 4728 Stalinonis,
406 4675 461 4735 per
494 4655 671 4736 allegoriam
706 4653 764 4718 Ibo
797 4655 891 4728 iutro,
923 4653 1033 4735 inquit,
1067 4662 1101 4714 91
1133 4652 1305 4715 subducam
1334 4653 1440 4715 navim

189 4777 317 4817 rursum
349 4755 383 4818 19
414 4754 645 4841 pulvinarium,
679 4755 724 4836 «je
753 4754 792 4819 m’
816 4777 851 4818 en
881 4755 949 4818 vais
978 4763 1080 4818 entrer
1102 4773 1179 4835 pour
1200 4761 1347 4816 remettre
1371 4774 1440 4817 mon

190 4857 333 4919 vaisseau
357 4850 377 4920 a
398 4857 514 4932 l'abri»,
537 4857 750 4921 Gueudeville.
795 4858 845 4920 Du
869 4855 973 4938 (lange
997 4864 1032 4920 nt
1055 4855 1175 4918 mediae
1199 4853 1315 4919 aetatis
1337 4873 1442 4922 vocem
