3574 5632
357 627 396 688 20
551 627 751 705 Epilegomeua
773 631 809 688 ad
831 629 863 690 T.
888 629 959 690 Livii
982 628 1085 690 librum
1108 631 1268 692 vicesimum
1291 631 1421 706 primum.

355 809 449 870 etiam
472 817 575 872 tamen
596 809 739 898 infimam
762 811 787 874 Ο
810 807 949 872 Tauchn.
974 809 1030 871 int.
1051 809 1155 872 etiam.
1181 809 1259 872 Tam
1281 809 1441 898 infirmam
1457 810 1483 871 l.
1500 811 1530 872 3.
1553 809 1613 870 int.

355 910 449 972 etiam
471 919 535 972 tam
558 909 718 998 infimam
740 911 814 972 Ald.
838 909 910 970 min.
933 910 1100 985 interdum,
1134 910 1228 972 etiam
1256 919 1321 971 lam
1343 909 1504 997 infirmam
1526 911 1612 989 Meg.

355 1009 429 1073 Alo.
453 1011 524 1074 mai.
552 1012 645 1074 Frob.
669 1009 760 1074 Grut.
793 1008 882 1072 1659.
916 1010 1084 1085 interdum,
1117 1011 1209 1073 etiam
1244 1020 1307 1072 tam
1342 1010 1484 1098 infimam
1518 1010 1611 1073 Grut.

357 1110 446 1174 1628.
471 1111 566 1176 Gran.
589 1113 645 1174 int
669 1113 773 1187 eliam,
796 1121 861 1173 tam
883 1111 1026 1200 infimam
1049 1113 1146 1174 Drak.
1169 1113 1226 1174 int.
1254 1112 1348 1174 etiam
1373 1120 1438 1174 tam
1466 1109 1611 1199 infimam

354 1213 429 1275 Bhr.
474 1210 535 1283 Qui
567 1213 680 1275 »etiam
710 1222 775 1275 turn
798 1212 950 1274 infirmam
974 1213 1180 1294 ingredientia
1203 1213 1321 1276 nivem»
1343 1212 1493 1294 scriptum
1516 1213 1609 1274 volu-

355 1322 455 1387 erunt,
478 1314 516 1376 de
539 1333 620 1376 nova
641 1315 696 1376 illa
718 1313 863 1395 mollique
886 1313 956 1374 nive
980 1313 1132 1394 cogitasse
1155 1314 1233 1376 satis
1252 1321 1394 1394 apertum
1408 1323 1472 1378 est:
1495 1314 1611 1397 ταύτην

353 1418 413 1493 μὲν
434 1409 646 1478 εδδιυὶκοπτον
667 1415 752 1478 εἶναι
775 1416 943 1496 συνέβαινε
965 1410 1103 1496 ἀνδράσι
1125 1437 1157 1476 es
1172 1438 1227 1476 ναι
1241 1410 1441 1493 ὑποζυγίοιςι
1462 1435 1531 1480 aum
1547 1435 1610 1496 qua

355 1517 560 1580 confuderunt
572 1525 708 1580 veterem
725 1516 825 1578 nivem
843 1515 1113 1599 διαμεμενηκυῖαν
1135 1517 1168 1579 ἐκ
1191 1521 1245 1580 τοῦ
1267 1517 1421 1597 πρόιερον
1443 1519 1608 1598 χειμῶνος,

353 1615 409 1700 τὴν
431 1613 580 1681 ὑποκάτω
602 1623 657 1680 καὶ
679 1627 914 1700 συνεστηκυῖαν,
937 1617 977 1701 ἤν
998 1617 1173 1692 διέκοπτον,
1196 1618 1247 1682 ὅτε
1270 1621 1370 1693 πέσοι,
1389 1614 1428 1680 εδ
1441 1613 1607 1696 ὑποζύγια,

354 1715 386 1782 ci
418 1720 453 1782 δὲ
486 1716 601 1800 ἄνδρες
633 1719 819 1783 διακόπτειν
840 1715 898 1783 oia
920 1719 1084 1785 ἐδύναντο.
1129 1723 1337 1801 Comparatus
1360 1722 1399 1784 ad
1422 1721 1609 1801 descriptio-

355 1841 423 1884 nem
447 1822 569 1904 Polyhii
592 1822 642 1884 hic
665 1823 748 1886 locus
772 1823 987 1902 apertissimus
1010 1831 1073 1886 est:
1097 1823 1175 1884 falso
1198 1823 1337 1884 iumenta
1359 1823 1398 1884 ad
1417 1822 1610 1902 praecedeu-

353 1923 400 1986 tia
421 1924 462 1986 ab
481 1924 650 1986 editoribus
673 1931 806 1986 tractum
831 1943 898 1986 esse
921 1924 1038 2004 primus
1059 1923 1215 1986 intellexit
1237 1922 1422 1996 Gronovius,
1456 1923 1506 2004 qui
1530 1923 1610 1986 haee

354 2025 532 2086 annotavit:
566 2024 696 2087 »Adhuc
729 2025 766 2085 dc
795 2023 987 2087 hominibus:
1022 2045 1102 2088 nuuc
1130 2024 1225 2086 etiam
1248 2023 1364 2104 aliquid
1388 2025 1544 2104 proprium
1569 2024 1609 2086 de

352 2125 525 2188 iumentis».
570 2123 659 2196 Quae
692 2125 825 2186 nondum
859 2127 1048 2189 obduruerat
1076 2145 1182 2188 recens
1205 2125 1258 2186 nix
1280 2125 1413 2205 vestigia
1435 2125 1553 2206 recepit
1575 2133 1610 2186 et

351 2226 508 2290 hominum
533 2235 565 2288 et
586 2227 808 2300 iumentorum
842 2226 983 2288 subiecta
1012 2225 1084 2289 huie
1113 2247 1129 2288 e
1152 2226 1304 2306 prioribus
1327 2225 1417 2287 annis
1439 2225 1509 2306 gelu
1532 2246 1606 2287 cou-

352 2335 437 2390 creta
459 2327 599 2408 vestigiis
622 2348 680 2391 nou
705 2328 836 2390 cedebat
858 2327 916 2390 nisi
939 2327 1155 2390 iumentorum.

434 2456 485 2535 37,
508 2463 527 2524 5
555 2463 739 2547 apricosque
772 2461 924 2545 quosdam
956 2461 1047 2524 st.
1072 2463 1156 2542 Mvg.
1181 2461 1228 2523 ed.
1254 2462 1280 2521 l.
1305 2461 1431 2544 apricos
1453 2461 1608 2544 quosdam

350 2563 384 2626 M
408 2565 435 2625 1.
458 2564 488 2625 3.
511 2564 593 2644 Mog.
617 2562 690 2624 Ald.
715 2562 788 2624 Sob.
812 2563 903 2624 Frob.
927 2561 1018 2625 Grut.
1043 2571 1071 2625 et
1093 2561 1382 2646 apricosquosdam
1396 2560 1605 2624 GronDrak.

350 2665 454 2727 Fabri.
479 2664 662 2749 apricosque
683 2664 758 2725 wfl.
782 2665 967 2747 apricosque
989 2664 1083 2725 etiam
1105 2663 1188 2744 Mvg.
1213 2664 1259 2724 ed.
1284 2664 1324 2737 3.,
1347 2662 1399 2724 ubi
1423 2683 1481 2746 que
1491 2662 1608 2724 litteris

350 2767 489 2840 cursivis,
512 2786 590 2846 quae
614 2765 767 2839 dicuntur,
791 2773 826 2826 ut
849 2765 1025 2826 coniectura
1044 2765 1194 2846 signatur,
1217 2764 1382 2825 etiamnon
1396 2764 1482 2825 item.
1506 2760 1605 2852 (Quid

351 2866 375 2930 C
408 2867 438 2928 iu
472 2885 582 2928 rasura
615 2866 742 2938 habeat,
777 2885 830 2945 pro
865 2872 947 2927 certo
982 2865 1154 2928 discernere
1178 2864 1328 2948 nequivi).
1372 2865 1420 2926 De
1443 2863 1501 2926 hac
1525 2864 1605 2925 satis

350 2975 460 3047 aperta
483 2967 705 3048 depravatione
728 2965 830 3046 opinio
854 2985 923 3028 mea
945 2965 1104 3046 paululum
1129 2966 1237 3028 differt
1259 2985 1278 3026 a
1299 2965 1435 3046 reliquis.
1470 2965 1503 3027 Si
1524 2965 1605 3026 enirn

350 3069 475 3148 scripsit
504 3069 612 3130 Livius
646 3067 830 3150 apricosque
852 3068 917 3128 iam
940 3065 1040 3140 colles,
1069 3067 1245 3129 confusione
1270 3067 1401 3147 quadam
1425 3073 1497 3146 post
1520 3066 1606 3145 apri·

351 3190 413 3232 cos
448 3167 538 3231 facile
572 3190 648 3252 quos
680 3189 735 3248 pro
769 3189 827 3252 que
855 3169 987 3243 exstitit,
1017 3169 1127 3230 deinde
1150 3189 1226 3252 quos
1249 3168 1313 3229 iam
1336 3169 1385 3228 vel
1408 3168 1550 3250 quosiam
1573 3165 1604 3227 in

350 3271 502 3354 quosdam
525 3271 748 3332 conformatum
774 3278 831 3330 est.
876 3269 1010 3349 Saepius
1034 3269 1155 3350 quidem
1179 3268 1368 3330 intransitu
1392 3268 1431 3329 ad
1448 3269 1603 3330 meliorem

350 3381 467 3435 statum
502 3371 703 3433 describendo
736 3371 801 3432 iam
835 3389 891 3431 usu
915 3370 1016 3431 venit:
1040 3387 1136 3450 supra
1157 3369 1208 3443 35,
1233 3371 1247 3430 l
1272 3368 1334 3430 iam
1358 3369 1483 3449 segnius
1504 3369 1605 3430 inter-

351 3474 547 3536 cursantibus
570 3472 721 3545 barbaris,
744 3471 795 3545 35,
817 3473 836 3531 2
860 3471 998 3532 montani
1022 3471 1182 3550 pauciores
1204 3471 1266 3531 iam
1290 3471 1527 3542 concursabant,
1552 3469 1603 3541 35,

352 3575 390 3635 10
422 3575 483 3635 iam
519 3574 594 3635 nihil
628 3594 666 3634 ne
695 3573 837 3634 hostibus
861 3572 983 3652 quidem
1007 3572 1246 3651 temptantibus,
1268 3564 1318 3644 37,
1341 3571 1361 3632 5
1383 3571 1445 3632 iam
1468 3571 1603 3631 hunuano

350 3676 435 3737 cultu
469 3675 608 3755 digniora
642 3675 718 3746 loca,
741 3668 791 3745 37,
814 3671 834 3733 6
856 3673 917 3733 iam
943 3681 974 3733 et
997 3671 1071 3733 locis
1095 3672 1284 3734 mollioribus
1307 3679 1339 3733 et
1362 3671 1534 3732 accolarum
1554 3671 1604 3731 in-

349 3775 456 3857 geniis.
501 3775 628 3855 Triplex
651 3775 680 3835 in
706 3782 835 3854 utroque
859 3773 961 3852 capite
984 3774 1047 3834 iarn
1070 3781 1181 3835 notatu
1205 3773 1341 3853 dignum,
1365 3781 1396 3832 et
1414 3773 1605 3860 frequentior

348 3878 378 3938 in
414 3877 583 3957 propinquo
617 3875 761 3956 repetitio
791 3875 927 3936 eiusdem
962 3874 1105 3935 vocabuli
1139 3875 1178 3934 ab
1206 3873 1345 3936 oratione
1373 3873 1453 3934 Livii
1478 3873 1603 3934 minime

349 3977 451 4040 aliena
474 3985 530 4039 est.
574 3977 656 4038 Vide
680 3995 774 4056 supra
796 3977 834 4036 ad
859 3995 884 4036 c.
909 3973 957 4048 19,
980 3974 1001 4036 9
1023 3973 1223 4054 Saguntinos.

431 4113 477 4174 Ib.
501 4122 529 4174 et
546 4132 649 4196 prope
671 4111 807 4191 Madvig.
825 4131 929 4194 prope
952 4110 1020 4172 edd.
1044 4111 1124 4183 edd,
1148 4111 1228 4190 quod
1258 4109 1379 4189 quidem
1410 4108 1456 4168 ita
1483 4107 1603 4170 intelli-

348 4216 479 4294 gendum
504 4221 562 4286 est,
586 4213 667 4274 rivos
690 4211 833 4273 inventos
856 4231 923 4272 esse
947 4211 1076 4272 simulac
1095 4211 1180 4272 silvis
1193 4210 1506 4291 adpropinquassent.
1536 4209 1603 4270 Nec

347 4335 472 4380 necesse
495 4334 562 4376 esse
585 4314 708 4375 videtur
730 4323 758 4374 et
780 4313 904 4385 addere,
928 4320 963 4373 ut
985 4313 1042 4373 hoc
1064 4312 1325 4386 scilicetdicatur,
1348 4309 1484 4390 virgulta
1497 4309 1603 4383 fuisse,

347 4437 426 4498 quae
449 4416 596 4478 silvarum
620 4414 741 4477 nomine
765 4415 857 4494 digna
881 4433 938 4474 uon
964 4421 1078 4475 essent.

429 4549 480 4625 38,
502 4551 522 4610 3
543 4571 592 4610 me
614 4560 722 4611 auctor
743 4558 876 4611 meamet
898 4549 982 4627 Mvg.
1007 4547 1162 4628 (allegans
1184 4546 1309 4626 Drak.).
1339 4555 1449 4608 auctor
1470 4557 1612 4608 meumst

345 4653 406 4716 CM
429 4651 520 4713 st.
543 4651 616 4713 wfl.
641 4659 751 4712 auctor
772 4658 905 4712 υιουαναι
927 4669 974 4709 me
1000 4649 1026 4708 l.
1049 4649 1078 4709 3.
1094 4649 1177 4728 Mag.
1192 4648 1265 4710 Ald.
1279 4647 1371 4709 Frob.
1387 4646 1480 4709 Grut.
1494 4658 1605 4710 auctor

344 4774 392 4815 me
413 4763 545 4815 mouera
568 4751 663 4814 Gran.
686 4751 784 4814 Drak.
807 4751 882 4812 Bkr.
916 4750 965 4811 Ex
991 4749 1109 4829 vulgari
1131 4749 1294 4812 omittendi
1318 4748 1540 4811 consuetudine
1555 4769 1604 4808 me

344 4861 417 4934 post
437 4855 583 4928 manime,
606 4859 775 4933 praeeunte
798 4850 890 4912 simili
914 4850 1047 4932 syllaba,
1071 4849 1197 4915 excidit.
