<?xml version="1.0" encoding="UTF-8"?>
<!DOCTYPE html PUBLIC "-//W3C//DTD XHTML 1.0 Transitional//EN"
    "http://www.w3.org/TR/xhtml1/DTD/xhtml1-transitional.dtd">
<html xmlns="http://www.w3.org/1999/xhtml" xml:lang="en" lang="en">
 <head>
  <title>
</title>
<meta http-equiv="Content-Type" content="text/html;charset=utf-8" />
  <meta name='ocr-system' content='tesseract 3.04.00' />
  <meta name='ocr-capabilities' content='ocr_page ocr_carea ocr_par ocr_line ocrx_word'/>
</head>
<body>
  <div class='ocr_page' id='page_1' title='image "./epilegomenaadtl00friggoog_0060.png"; bbox 0 0 3584 5632; ppageno 0'>
   <div class='ocr_carea' id='block_1_1' title="bbox 466 600 1438 676">
    <p class='ocr_par' dir='ltr' id='par_1_1' title="bbox 466 600 1438 676">
     <span class='ocr_line' id='line_1_1' title="bbox 466 600 1438 676; baseline -0.004 -16"><span class='ocrx_word' id='word_1_1' title='bbox 466 604 666 676; x_wconf 71' lang='lat' dir='ltr'><strong>upilsgomem</strong></span> <span class='ocrx_word' id='word_1_2' title='bbox 688 603 724 658; x_wconf 81' lang='lat' dir='ltr'><strong>ud</strong></span> <span class='ocrx_word' id='word_1_3' title='bbox 747 603 779 658; x_wconf 90' lang='lat' dir='ltr'><strong>T.</strong></span> <span class='ocrx_word' id='word_1_4' title='bbox 803 603 875 658; x_wconf 75' lang='lat' dir='ltr'><strong>bivii</strong></span> <span class='ocrx_word' id='word_1_5' title='bbox 897 603 999 660; x_wconf 89' lang='lat' dir='ltr'><strong>librum</strong></span> <span class='ocrx_word' id='word_1_6' title='bbox 1022 603 1153 672; x_wconf 75' lang='lat' dir='ltr'><strong>primm.</strong></span> <span class='ocrx_word' id='word_1_7' title='bbox 1399 600 1438 656; x_wconf 81' lang='grc'><strong>53</strong></span> 
     </span>
    </p>
   </div>
   <div class='ocr_carea' id='block_1_2' title="bbox 147 773 1448 4904">
    <p class='ocr_par' dir='ltr' id='par_1_2' title="bbox 147 773 1442 2172">
     <span class='ocr_line' id='line_1_2' title="bbox 147 773 1438 852; baseline -0.003 -13"><span class='ocrx_word' id='word_1_8' title='bbox 147 775 188 850; x_wconf 89' lang='grc'><strong>8,</strong></span> <span class='ocrx_word' id='word_1_9' title='bbox 220 777 259 852; x_wconf 92' lang='lat' dir='ltr'><strong>l,</strong></span> <span class='ocrx_word' id='word_1_10' title='bbox 285 777 409 842; x_wconf 84' lang='lat' dir='ltr'><strong>3bello</strong></span> <span class='ocrx_word' id='word_1_11' title='bbox 431 777 613 840; x_wconf 85' lang='lat' dir='ltr'><strong>vacationes</strong></span> <span class='ocrx_word' id='word_1_12' title='bbox 635 774 753 849; x_wconf 86' lang='lat' dir='ltr'><strong>valent,</strong></span> <span class='ocrx_word' id='word_1_13' title='bbox 775 775 913 838; x_wconf 80' lang='lat' dir='ltr'><strong>tumultu</strong></span> <span class='ocrx_word' id='word_1_14' title='bbox 936 795 997 838; x_wconf 90' lang='lat' dir='ltr'><strong>non</strong></span> <span class='ocrx_word' id='word_1_15' title='bbox 1018 776 1135 840; x_wconf 86' lang='lat' dir='ltr'><strong>valent</strong></span> <span class='ocrx_word' id='word_1_16' title='bbox 1169 775 1237 838; x_wconf 87' lang='lat' dir='ltr'><strong>Lir.</strong></span> <span class='ocrx_word' id='word_1_17' title='bbox 1260 775 1312 847; x_wconf 86' lang='grc'><strong>23,</strong></span> <span class='ocrx_word' id='word_1_18' title='bbox 1336 773 1438 848; x_wconf 89' lang='grc'>12,11</span> 
     </span>
     <span class='ocr_line' id='line_1_3' title="bbox 150 876 1440 959; baseline 0 -19"><span class='ocrx_word' id='word_1_19' title='bbox 150 897 216 940; x_wconf 89' lang='lat' dir='ltr'><strong>res</strong></span> <span class='ocrx_word' id='word_1_20' title='bbox 260 879 345 944; x_wconf 87' lang='lat' dir='ltr'><strong>bello</strong></span> <span class='ocrx_word' id='word_1_21' title='bbox 378 880 456 942; x_wconf 88' lang='lat' dir='ltr'><strong>bene</strong></span> <span class='ocrx_word' id='word_1_22' title='bbox 489 885 596 959; x_wconf 80' lang='lat' dir='ltr'><strong>gestae</strong></span> <span class='ocrx_word' id='word_1_23' title='bbox 630 895 739 957; x_wconf 87' lang='lat' dir='ltr'><strong>pacem</strong></span> <span class='ocrx_word' id='word_1_24' title='bbox 773 876 862 940; x_wconf 89' lang='lat' dir='ltr'><strong>nobis</strong></span> <span class='ocrx_word' id='word_1_25' title='bbox 890 876 1066 958; x_wconf 88' lang='lat' dir='ltr'><strong>aequiorem</strong></span> <span class='ocrx_word' id='word_1_26' title='bbox 1090 878 1221 950; x_wconf 87' lang='lat' dir='ltr'><strong>dabunt,</strong></span> <span class='ocrx_word' id='word_1_27' title='bbox 1243 879 1273 950; x_wconf 91' lang='grc'><strong>2,</strong></span> <span class='ocrx_word' id='word_1_28' title='bbox 1298 877 1326 950; x_wconf 93' lang='lat' dir='ltr'><strong>l,</strong></span> <span class='ocrx_word' id='word_1_29' title='bbox 1348 877 1368 936; x_wconf 84' lang='grc'>3</span> <span class='ocrx_word' id='word_1_30' title='bbox 1390 895 1440 940; x_wconf 87' lang='lat' dir='ltr'><strong>res</strong></span> 
     </span>
     <span class='ocr_line' id='line_1_4' title="bbox 153 973 1440 1061; baseline -0.002 -18"><span class='ocrx_word' id='word_1_31' title='bbox 153 999 256 1060; x_wconf 80' lang='lat' dir='ltr'><strong>pace</strong></span> <span class='ocrx_word' id='word_1_32' title='bbox 282 981 423 1061; x_wconf 89' lang='lat' dir='ltr'><strong>belloque</strong></span> <span class='ocrx_word' id='word_1_33' title='bbox 445 987 551 1060; x_wconf 79' lang='lat' dir='ltr'><strong>gestas</strong></span> <span class='ocrx_word' id='word_1_34' title='bbox 573 997 732 1060; x_wconf 82' lang='lat' dir='ltr'><strong>peragam,</strong></span> <span class='ocrx_word' id='word_1_35' title='bbox 754 973 784 1053; x_wconf 83' lang='lat'><strong>7,</strong></span> <span class='ocrx_word' id='word_1_36' title='bbox 809 978 836 1052; x_wconf 95' lang='lat' dir='ltr'><strong>l,</strong></span> <span class='ocrx_word' id='word_1_37' title='bbox 858 976 879 1040; x_wconf 82' lang='lat'>9</span> <span class='ocrx_word' id='word_1_38' title='bbox 901 977 962 1040; x_wconf 83' lang='lat' dir='ltr'><strong>init</strong></span> <span class='ocrx_word' id='word_1_39' title='bbox 982 979 1026 1040; x_wconf 85' lang='grc' dir='ltr'><strong>Μ.</strong></span> <span class='ocrx_word' id='word_1_40' title='bbox 1050 978 1162 1041; x_wconf 79' lang='lat' dir='ltr'><strong>Furius</strong></span> <span class='ocrx_word' id='word_1_41' title='bbox 1183 997 1255 1040; x_wconf 89' lang='lat' dir='ltr'><strong>vere</strong></span> <span class='ocrx_word' id='word_1_42' title='bbox 1271 977 1320 1040; x_wconf 84' lang='lat' dir='ltr'><strong>vir</strong></span> <span class='ocrx_word' id='word_1_43' title='bbox 1332 979 1440 1040; x_wconf 86' lang='lat' dir='ltr'><strong>unicus</strong></span> 
     </span>
     <span class='ocr_line' id='line_1_5' title="bbox 149 1078 1440 1160; baseline 0.001 -19"><span class='ocrx_word' id='word_1_44' title='bbox 149 1081 195 1142; x_wconf 89' lang='lat' dir='ltr'><strong>in</strong></span> <span class='ocrx_word' id='word_1_45' title='bbox 230 1082 323 1144; x_wconf 85' lang='lat' dir='ltr'><strong>omni</strong></span> <span class='ocrx_word' id='word_1_46' title='bbox 349 1083 486 1154; x_wconf 75' lang='lat' dir='ltr'><strong>senuna,</strong></span> <span class='ocrx_word' id='word_1_47' title='bbox 515 1079 659 1160; x_wconf 87' lang='lat' dir='ltr'><strong>princeps</strong></span> <span class='ocrx_word' id='word_1_48' title='bbox 686 1097 763 1159; x_wconf 89' lang='lat' dir='ltr'><strong>pace</strong></span> <span class='ocrx_word' id='word_1_49' title='bbox 791 1078 943 1160; x_wconf 87' lang='lat' dir='ltr'><strong>belloque,</strong></span> <span class='ocrx_word' id='word_1_50' title='bbox 972 1079 1024 1152; x_wconf 83' lang='lat'><strong>24,</strong></span> <span class='ocrx_word' id='word_1_51' title='bbox 1050 1082 1077 1154; x_wconf 88' lang='lat' dir='ltr'><strong>l,</strong></span> <span class='ocrx_word' id='word_1_52' title='bbox 1101 1080 1139 1142; x_wconf 82' lang='lat' dir='ltr'><strong>lt</strong></span> <span class='ocrx_word' id='word_1_53' title='bbox 1161 1080 1295 1142; x_wconf 89' lang='lat' dir='ltr'><strong>societas</strong></span> <span class='ocrx_word' id='word_1_54' title='bbox 1315 1099 1352 1142; x_wconf 92' lang='lat' dir='ltr'><strong>eo</strong></span> <span class='ocrx_word' id='word_1_55' title='bbox 1374 1079 1440 1142; x_wconf 88' lang='lat' dir='ltr'><strong>iure</strong></span> 
     </span>
     <span class='ocr_line' id='line_1_6' title="bbox 156 1179 1440 1261; baseline -0.002 -17"><span class='ocrx_word' id='word_1_56' title='bbox 156 1189 292 1256; x_wconf 86' lang='lat' dir='ltr'><strong>staret,</strong></span> <span class='ocrx_word' id='word_1_57' title='bbox 323 1189 360 1244; x_wconf 88' lang='lat' dir='ltr'><strong>ut</strong></span> <span class='ocrx_word' id='word_1_58' title='bbox 392 1183 516 1244; x_wconf 86' lang='lat' dir='ltr'><strong>Poenus</strong></span> <span class='ocrx_word' id='word_1_59' title='bbox 548 1181 734 1244; x_wconf 73' lang='lat' dir='ltr'><strong>Locrensem</strong></span> <span class='ocrx_word' id='word_1_60' title='bbox 768 1179 993 1261; x_wconf 76' lang='lat' dir='ltr'><strong>Locrensisque</strong></span> <span class='ocrx_word' id='word_1_61' title='bbox 1026 1181 1163 1244; x_wconf 86' lang='lat' dir='ltr'><strong>Poenum</strong></span> <span class='ocrx_word' id='word_1_62' title='bbox 1195 1199 1272 1260; x_wconf 86' lang='lat' dir='ltr'><strong>pace</strong></span> <span class='ocrx_word' id='word_1_63' title='bbox 1300 1200 1338 1244; x_wconf 83' lang='lat' dir='ltr'><strong>ac</strong></span> <span class='ocrx_word' id='word_1_64' title='bbox 1358 1180 1440 1244; x_wconf 87' lang='lat' dir='ltr'><strong>bello</strong></span> 
     </span>
     <span class='ocr_line' id='line_1_7' title="bbox 156 1281 1440 1364; baseline 0 -20"><span class='ocrx_word' id='word_1_65' title='bbox 156 1283 314 1357; x_wconf 81' lang='lat' dir='ltr'><strong>iuvaret,</strong></span> <span class='ocrx_word' id='word_1_66' title='bbox 336 1282 366 1357; x_wconf 89' lang='lat'><strong>9,</strong></span> <span class='ocrx_word' id='word_1_67' title='bbox 388 1282 440 1356; x_wconf 86' lang='grc'><strong>26,</strong></span> <span class='ocrx_word' id='word_1_68' title='bbox 462 1283 498 1344; x_wconf 88' lang='grc'><strong>21</strong></span> <span class='ocrx_word' id='word_1_69' title='bbox 525 1282 562 1344; x_wconf 91' lang='grc' dir='ltr'><strong>Ρ.</strong></span> <span class='ocrx_word' id='word_1_70' title='bbox 584 1281 675 1344; x_wconf 89' lang='lat' dir='ltr'><strong>Philo</strong></span> <span class='ocrx_word' id='word_1_71' title='bbox 699 1289 771 1361; x_wconf 90' lang='lat' dir='ltr'><strong>post</strong></span> <span class='ocrx_word' id='word_1_72' title='bbox 793 1299 842 1342; x_wconf 89' lang='lat' dir='ltr'><strong>res</strong></span> <span class='ocrx_word' id='word_1_73' title='bbox 865 1286 913 1343; x_wconf 90' lang='lat' dir='ltr'><strong>tot</strong></span> <span class='ocrx_word' id='word_1_74' title='bbox 935 1281 1018 1343; x_wconf 88' lang='lat' dir='ltr'><strong>domi</strong></span> <span class='ocrx_word' id='word_1_75' title='bbox 1040 1282 1221 1364; x_wconf 88' lang='lat' dir='ltr'><strong>belloque</strong></span> <span class='ocrx_word' id='word_1_76' title='bbox 1245 1289 1352 1364; x_wconf 80' lang='lat' dir='ltr'><strong>gestas</strong></span> <span class='ocrx_word' id='word_1_77' title='bbox 1365 1301 1440 1344; x_wconf 85' lang='lat' dir='ltr'><strong>cau-</strong></span> 
     </span>
     <span class='ocr_line' id='line_1_8' title="bbox 160 1380 1440 1464; baseline -0.002 -18"><span class='ocrx_word' id='word_1_78' title='bbox 160 1404 247 1446; x_wconf 88' lang='lat' dir='ltr'><strong>sam</strong></span> <span class='ocrx_word' id='word_1_79' title='bbox 278 1384 359 1448; x_wconf 83' lang='lat' dir='ltr'><strong>dixit</strong></span> <span class='ocrx_word' id='word_1_80' title='bbox 386 1384 609 1464; x_wconf 65' lang='lat' dir='ltr'><strong>absolutusque</strong></span> <span class='ocrx_word' id='word_1_81' title='bbox 631 1391 689 1444; x_wconf 89' lang='lat' dir='ltr'><strong>est.</strong></span> <span class='ocrx_word' id='word_1_82' title='bbox 734 1381 798 1445; x_wconf 84' lang='lat' dir='ltr'><strong>Cic.</strong></span> <span class='ocrx_word' id='word_1_83' title='bbox 821 1380 881 1445; x_wconf 87' lang='lat' dir='ltr'><strong>Oli.</strong></span> <span class='ocrx_word' id='word_1_84' title='bbox 904 1384 934 1455; x_wconf 95' lang='grc'><strong>2,</strong></span> <span class='ocrx_word' id='word_1_85' title='bbox 956 1381 987 1456; x_wconf 95' lang='grc'><strong>5,</strong></span> <span class='ocrx_word' id='word_1_86' title='bbox 1011 1382 1050 1444; x_wconf 92' lang='grc'><strong>16</strong></span> <span class='ocrx_word' id='word_1_87' title='bbox 1073 1383 1237 1464; x_wconf 86' lang='lat' dir='ltr'><strong>perspicua</strong></span> <span class='ocrx_word' id='word_1_88' title='bbox 1258 1383 1323 1446; x_wconf 88' lang='lat' dir='ltr'><strong>sint</strong></span> <span class='ocrx_word' id='word_1_89' title='bbox 1343 1383 1440 1446; x_wconf 89' lang='lat' dir='ltr'><strong>illa..</strong></span> 
     </span>
     <span class='ocr_line' id='line_1_9' title="bbox 160 1481 1440 1566; baseline -0.002 -18"><span class='ocrx_word' id='word_1_90' title='bbox 160 1486 334 1549; x_wconf 87' lang='lat' dir='ltr'><strong>neminem</strong></span> <span class='ocrx_word' id='word_1_91' title='bbox 368 1505 467 1566; x_wconf 90' lang='lat' dir='ltr'><strong>neque</strong></span> <span class='ocrx_word' id='word_1_92' title='bbox 500 1484 609 1548; x_wconf 89' lang='lat' dir='ltr'><strong>ducem</strong></span> <span class='ocrx_word' id='word_1_93' title='bbox 643 1483 747 1546; x_wconf 91' lang='lat' dir='ltr'><strong>bello</strong></span> <span class='ocrx_word' id='word_1_94' title='bbox 775 1503 832 1546; x_wconf 90' lang='lat' dir='ltr'><strong>nec</strong></span> <span class='ocrx_word' id='word_1_95' title='bbox 853 1481 1022 1562; x_wconf 90' lang='lat' dir='ltr'><strong>principem</strong></span> <span class='ocrx_word' id='word_1_96' title='bbox 1045 1484 1129 1546; x_wconf 89' lang='lat' dir='ltr'><strong>domi</strong></span> <span class='ocrx_word' id='word_1_97' title='bbox 1151 1503 1281 1565; x_wconf 80' lang='lat' dir='ltr'><strong>magnas</strong></span> <span class='ocrx_word' id='word_1_98' title='bbox 1302 1503 1352 1548; x_wconf 85' lang='lat' dir='ltr'><strong>res</strong></span> <span class='ocrx_word' id='word_1_99' title='bbox 1374 1484 1440 1547; x_wconf 90' lang='lat' dir='ltr'><strong>sine</strong></span> 
     </span>
     <span class='ocr_line' id='line_1_10' title="bbox 162 1582 1442 1668; baseline 0 -20"><span class='ocrx_word' id='word_1_100' title='bbox 162 1587 339 1650; x_wconf 85' lang='lat' dir='ltr'><strong>hominum</strong></span> <span class='ocrx_word' id='word_1_101' title='bbox 372 1585 485 1650; x_wconf 88' lang='lat' dir='ltr'><strong>studiis</strong></span> <span class='ocrx_word' id='word_1_102' title='bbox 518 1604 623 1667; x_wconf 83' lang='lat' dir='ltr'><strong>gerere</strong></span> <span class='ocrx_word' id='word_1_103' title='bbox 657 1582 804 1664; x_wconf 90' lang='lat' dir='ltr'><strong>potuisse.</strong></span> <span class='ocrx_word' id='word_1_104' title='bbox 848 1583 902 1647; x_wconf 86' lang='lat' dir='ltr'><strong>Sic</strong></span> <span class='ocrx_word' id='word_1_105' title='bbox 930 1583 1011 1646; x_wconf 88' lang='lat' dir='ltr'><strong>enim</strong></span> <span class='ocrx_word' id='word_1_106' title='bbox 1040 1584 1159 1647; x_wconf 90' lang='lat' dir='ltr'><strong>babent</strong></span> <span class='ocrx_word' id='word_1_107' title='bbox 1180 1585 1249 1648; x_wconf 91' lang='lat' dir='ltr'><strong>cdd.</strong></span> <span class='ocrx_word' id='word_1_108' title='bbox 1272 1585 1382 1668; x_wconf 90' lang='lat' dir='ltr'><strong>optimi</strong></span> <span class='ocrx_word' id='word_1_109' title='bbox 1404 1605 1442 1648; x_wconf 83' lang='lat' dir='ltr'><strong>sc</strong></span> 
     </span>
     <span class='ocr_line' id='line_1_11' title="bbox 164 1685 1442 1770; baseline -0.001 -20"><span class='ocrx_word' id='word_1_110' title='bbox 164 1687 332 1770; x_wconf 84' lang='lat' dir='ltr'><strong>plerique,</strong></span> <span class='ocrx_word' id='word_1_111' title='bbox 371 1685 444 1750; x_wconf 79' lang='lat' dir='ltr'><strong>balli</strong></span> <span class='ocrx_word' id='word_1_112' title='bbox 481 1694 586 1750; x_wconf 88' lang='lat' dir='ltr'><strong>antem</strong></span> <span class='ocrx_word' id='word_1_113' title='bbox 619 1686 722 1766; x_wconf 85' lang='lat' dir='ltr'><strong>pauci,</strong></span> <span class='ocrx_word' id='word_1_114' title='bbox 756 1705 832 1766; x_wconf 89' lang='lat' dir='ltr'><strong>quos</strong></span> <span class='ocrx_word' id='word_1_115' title='bbox 864 1685 1028 1749; x_wconf 89' lang='lat' dir='ltr'><strong>»mendose</strong></span> <span class='ocrx_word' id='word_1_116' title='bbox 1060 1685 1220 1749; x_wconf 80' lang='lat' dir='ltr'><strong>fidelibus»</strong></span> <span class='ocrx_word' id='word_1_117' title='bbox 1255 1693 1442 1750; x_wconf 73' lang='lat' dir='ltr'><strong>annumeret</strong></span> 
     </span>
     <span class='ocr_line' id='line_1_12' title="bbox 166 1785 1442 1870; baseline -0.001 -19"><span class='ocrx_word' id='word_1_118' title='bbox 166 1791 305 1870; x_wconf 87' lang='lat' dir='ltr'><strong>Zumpt</strong></span> <span class='ocrx_word' id='word_1_119' title='bbox 350 1789 395 1852; x_wconf 90' lang='lat' dir='ltr'><strong>Ut</strong></span> <span class='ocrx_word' id='word_1_120' title='bbox 415 1788 459 1850; x_wconf 89' lang='lat' dir='ltr'><strong>ibi</strong></span> <span class='ocrx_word' id='word_1_121' title='bbox 482 1789 520 1851; x_wconf 91' lang='lat' dir='ltr'><strong>de</strong></span> <span class='ocrx_word' id='word_1_122' title='bbox 543 1805 633 1850; x_wconf 85' lang='lat' dir='ltr'><strong>cursu</strong></span> <span class='ocrx_word' id='word_1_123' title='bbox 656 1785 900 1866; x_wconf 87' lang='lat' dir='ltr'><strong>praelucentinm</strong></span> <span class='ocrx_word' id='word_1_124' title='bbox 924 1786 1062 1849; x_wconf 88' lang='lat' dir='ltr'><strong>codicum</strong></span> <span class='ocrx_word' id='word_1_125' title='bbox 1085 1787 1280 1850; x_wconf 85' lang='lat' dir='ltr'><strong>deflexerunt</strong></span> <span class='ocrx_word' id='word_1_126' title='bbox 1301 1787 1442 1868; x_wconf 89' lang='lat' dir='ltr'><strong>complu-</strong></span> 
     </span>
     <span class='ocr_line' id='line_1_13' title="bbox 167 1886 1441 1971; baseline -0.002 -19"><span class='ocrx_word' id='word_1_127' title='bbox 167 1909 231 1953; x_wconf 85' lang='lat' dir='ltr'><strong>res</strong></span> <span class='ocrx_word' id='word_1_128' title='bbox 265 1890 409 1964; x_wconf 80' lang='lat' dir='ltr'><strong>editores,</strong></span> <span class='ocrx_word' id='word_1_129' title='bbox 441 1887 487 1952; x_wconf 92' lang='lat' dir='ltr'><strong>sic</strong></span> <span class='ocrx_word' id='word_1_130' title='bbox 514 1888 608 1950; x_wconf 81' lang='lat' dir='ltr'><strong>etiam</strong></span> <span class='ocrx_word' id='word_1_131' title='bbox 637 1887 796 1967; x_wconf 75' lang='lat' dir='ltr'><strong>praesenti</strong></span> <span class='ocrx_word' id='word_1_132' title='bbox 825 1887 891 1950; x_wconf 90' lang='lat' dir='ltr'><strong>loco</strong></span> <span class='ocrx_word' id='word_1_133' title='bbox 914 1886 1045 1950; x_wconf 81' lang='lat' dir='ltr'><strong>Liuiano</strong></span> <span class='ocrx_word' id='word_1_134' title='bbox 1068 1889 1203 1962; x_wconf 82' lang='lat' dir='ltr'><strong>inerunt,</strong></span> <span class='ocrx_word' id='word_1_135' title='bbox 1226 1887 1278 1971; x_wconf 91' lang='lat' dir='ltr'><strong>qui</strong></span> <span class='ocrx_word' id='word_1_136' title='bbox 1301 1889 1341 1952; x_wconf 86' lang='lat' dir='ltr'><strong>ad</strong></span> <span class='ocrx_word' id='word_1_137' title='bbox 1364 1887 1441 1951; x_wconf 91' lang='lat' dir='ltr'><strong>illud</strong></span> 
     </span>
     <span class='ocr_line' id='line_1_14' title="bbox 169 1987 1442 2070; baseline 0 -18"><span class='ocrx_word' id='word_1_138' title='bbox 169 2009 241 2054; x_wconf 90' lang='lat' dir='ltr'><strong>usu</strong></span> <span class='ocrx_word' id='word_1_139' title='bbox 269 1991 464 2054; x_wconf 77' lang='lat' dir='ltr'><strong>tritissimum</strong></span> <span class='ocrx_word' id='word_1_140' title='bbox 487 1988 561 2052; x_wconf 88' lang='lat' dir='ltr'><strong>belli</strong></span> <span class='ocrx_word' id='word_1_141' title='bbox 584 1988 727 2070; x_wconf 90' lang='lat' dir='ltr'><strong>domique</strong></span> <span class='ocrx_word' id='word_1_142' title='bbox 749 1987 956 2051; x_wconf 75' lang='lat' dir='ltr'><strong>allicerentur.</strong></span> <span class='ocrx_word' id='word_1_143' title='bbox 1000 1989 1060 2050; x_wconf 82' lang='lat' dir='ltr'><strong>Est</strong></span> <span class='ocrx_word' id='word_1_144' title='bbox 1082 1989 1189 2070; x_wconf 90' lang='lat' dir='ltr'><strong>utique</strong></span> <span class='ocrx_word' id='word_1_145' title='bbox 1211 2010 1260 2054; x_wconf 85' lang='lat' dir='ltr'><strong>res</strong></span> <span class='ocrx_word' id='word_1_146' title='bbox 1282 2009 1370 2053; x_wconf 84' lang='lat' dir='ltr'><strong>raras</strong></span> <span class='ocrx_word' id='word_1_147' title='bbox 1391 1989 1442 2053; x_wconf 92' lang='lat' dir='ltr'><strong>in-</strong></span> 
     </span>
     <span class='ocr_line' id='line_1_15' title="bbox 171 2087 1097 2172; baseline 0 -20"><span class='ocrx_word' id='word_1_148' title='bbox 171 2099 278 2154; x_wconf 90' lang='lat' dir='ltr'><strong>ventu</strong></span> <span class='ocrx_word' id='word_1_149' title='bbox 301 2089 495 2172; x_wconf 81' lang='lat' dir='ltr'><strong>exstirpandi</strong></span> <span class='ocrx_word' id='word_1_150' title='bbox 518 2091 671 2172; x_wconf 86' lang='lat' dir='ltr'><strong>quoddam</strong></span> <span class='ocrx_word' id='word_1_151' title='bbox 696 2087 881 2152; x_wconf 89' lang='lat' dir='ltr'><strong>desiderium</strong></span> <span class='ocrx_word' id='word_1_152' title='bbox 904 2089 1097 2152; x_wconf 78' lang='lat' dir='ltr'><strong>admirabile.</strong></span> 
     </span>
    </p>

    <p class='ocr_par' dir='ltr' id='par_1_3' title="bbox 176 2189 1448 4498">
     <span class='ocr_line' id='line_1_16' title="bbox 266 2189 1442 2275; baseline -0.002 -19"><span class='ocrx_word' id='word_1_153' title='bbox 266 2192 318 2267; x_wconf 80' lang='grc'><strong>35,</strong></span> <span class='ocrx_word' id='word_1_154' title='bbox 342 2194 357 2255; x_wconf 95' lang='lat' dir='ltr'><strong>l</strong></span> <span class='ocrx_word' id='word_1_155' title='bbox 386 2191 437 2256; x_wconf 84' lang='lat' dir='ltr'><strong>Eo</strong></span> <span class='ocrx_word' id='word_1_156' title='bbox 465 2191 568 2275; x_wconf 72' lang='lat' dir='ltr'><strong>mcpr‘s</strong></span> <span class='ocrx_word' id='word_1_157' title='bbox 594 2209 655 2254; x_wconf 93' lang='lat' dir='ltr'><strong>uon</strong></span> <span class='ocrx_word' id='word_1_158' title='bbox 682 2189 873 2269; x_wconf 88' lang='lat' dir='ltr'><strong>aprincipio</strong></span> <span class='ocrx_word' id='word_1_159' title='bbox 897 2190 957 2252; x_wconf 86' lang='lat' dir='ltr'><strong>fuit</strong></span> <span class='ocrx_word' id='word_1_160' title='bbox 978 2191 1011 2252; x_wconf 88' lang='lat' dir='ltr'><strong>in</strong></span> <span class='ocrx_word' id='word_1_161' title='bbox 1032 2190 1107 2254; x_wconf 88' lang='lat' dir='ltr'><strong>RD:</strong></span> <span class='ocrx_word' id='word_1_162' title='bbox 1135 2191 1327 2256; x_wconf 84' lang='lat' dir='ltr'><strong>imitationes</strong></span> <span class='ocrx_word' id='word_1_163' title='bbox 1350 2193 1442 2267; x_wconf 91' lang='lat' dir='ltr'><strong>enim,</strong></span> 
     </span>
     <span class='ocr_line' id='line_1_17' title="bbox 176 2291 1442 2376; baseline -0.002 -18"><span class='ocrx_word' id='word_1_164' title='bbox 176 2313 261 2376; x_wconf 85' lang='lat' dir='ltr'><strong>quas</strong></span> <span class='ocrx_word' id='word_1_165' title='bbox 289 2295 348 2357; x_wconf 85' lang='lat' dir='ltr'><strong>leci</strong></span> <span class='ocrx_word' id='word_1_166' title='bbox 370 2292 531 2375; x_wconf 83' lang='lat' dir='ltr'><strong>utriusque</strong></span> <span class='ocrx_word' id='word_1_167' title='bbox 555 2291 678 2364; x_wconf 88' lang='lat' dir='ltr'><strong>codicis,</strong></span> <span class='ocrx_word' id='word_1_168' title='bbox 704 2291 881 2354; x_wconf 84' lang='lat' dir='ltr'><strong>accuratius</strong></span> <span class='ocrx_word' id='word_1_169' title='bbox 902 2291 1069 2373; x_wconf 86' lang='lat' dir='ltr'><strong>inspiciens</strong></span> <span class='ocrx_word' id='word_1_170' title='bbox 1092 2300 1187 2374; x_wconf 86' lang='lat' dir='ltr'><strong>atque</strong></span> <span class='ocrx_word' id='word_1_171' title='bbox 1209 2295 1346 2358; x_wconf 85' lang='lat' dir='ltr'><strong>interae</strong></span> <span class='ocrx_word' id='word_1_172' title='bbox 1368 2313 1442 2357; x_wconf 89' lang='lat' dir='ltr'><strong>con-</strong></span> 
     </span>
     <span class='ocr_line' id='line_1_18' title="bbox 178 2392 1442 2476; baseline 0 -18"><span class='ocrx_word' id='word_1_173' title='bbox 178 2398 286 2459; x_wconf 81' lang='lat' dir='ltr'><strong>ferens</strong></span> <span class='ocrx_word' id='word_1_174' title='bbox 319 2415 373 2476; x_wconf 88' lang='lat' dir='ltr'><strong>pro</strong></span> <span class='ocrx_word' id='word_1_175' title='bbox 402 2401 486 2458; x_wconf 89' lang='lat' dir='ltr'><strong>certo</strong></span> <span class='ocrx_word' id='word_1_176' title='bbox 513 2401 654 2456; x_wconf 84' lang='lat' dir='ltr'><strong>statuere</strong></span> <span class='ocrx_word' id='word_1_177' title='bbox 676 2393 776 2454; x_wconf 86' lang='lat' dir='ltr'><strong>ausim</strong></span> <span class='ocrx_word' id='word_1_178' title='bbox 799 2392 943 2472; x_wconf 89' lang='lat' dir='ltr'><strong>primitus</strong></span> <span class='ocrx_word' id='word_1_179' title='bbox 965 2393 996 2456; x_wconf 88' lang='lat' dir='ltr'><strong>in</strong></span> <span class='ocrx_word' id='word_1_180' title='bbox 1019 2402 1151 2476; x_wconf 86' lang='lat' dir='ltr'><strong>utroque</strong></span> <span class='ocrx_word' id='word_1_181' title='bbox 1173 2396 1322 2476; x_wconf 90' lang='lat' dir='ltr'><strong>scriptum</strong></span> <span class='ocrx_word' id='word_1_182' title='bbox 1346 2395 1442 2458; x_wconf 83' lang='lat' dir='ltr'><strong>luisse</strong></span> 
     </span>
     <span class='ocr_line' id='line_1_19' title="bbox 180 2493 1441 2578; baseline -0.002 -17"><span class='ocrx_word' id='word_1_183' title='bbox 180 2495 239 2572; x_wconf 79' lang='lat' dir='ltr'><strong>Co,</strong></span> <span class='ocrx_word' id='word_1_184' title='bbox 270 2496 363 2578; x_wconf 89' lang='lat' dir='ltr'><strong>idque</strong></span> <span class='ocrx_word' id='word_1_185' title='bbox 389 2496 421 2558; x_wconf 91' lang='lat' dir='ltr'><strong>in</strong></span> <span class='ocrx_word' id='word_1_186' title='bbox 451 2494 502 2558; x_wconf 86' lang='grc' dir='ltr'><strong>Εο</strong></span> <span class='ocrx_word' id='word_1_187' title='bbox 529 2502 695 2568; x_wconf 90' lang='lat' dir='ltr'><strong>mutatum,</strong></span> <span class='ocrx_word' id='word_1_188' title='bbox 723 2501 834 2573; x_wconf 88' lang='lat' dir='ltr'><strong>postea</strong></span> <span class='ocrx_word' id='word_1_189' title='bbox 854 2494 886 2556; x_wconf 92' lang='lat' dir='ltr'><strong>in</strong></span> <span class='ocrx_word' id='word_1_190' title='bbox 908 2494 938 2556; x_wconf 88' lang='lat' dir='ltr'>R</span> <span class='ocrx_word' id='word_1_191' title='bbox 960 2507 997 2562; x_wconf 73' lang='lat' dir='ltr'><strong>ct</strong></span> <span class='ocrx_word' id='word_1_192' title='bbox 1019 2501 1093 2558; x_wconf 88' lang='lat' dir='ltr'><strong>ante</strong></span> <span class='ocrx_word' id='word_1_193' title='bbox 1114 2493 1166 2558; x_wconf 82' lang='lat' dir='ltr'><strong>Eo</strong></span> <span class='ocrx_word' id='word_1_194' title='bbox 1187 2497 1345 2572; x_wconf 89' lang='lat' dir='ltr'><strong>additnm;</strong></span> <span class='ocrx_word' id='word_1_195' title='bbox 1368 2497 1441 2578; x_wconf 91' lang='lat' dir='ltr'><strong>quid</strong></span> 
     </span>
     <span class='ocr_line' id='line_1_20' title="bbox 178 2595 1442 2680; baseline 0 -19"><span class='ocrx_word' id='word_1_196' title='bbox 178 2599 215 2661; x_wconf 89' lang='lat' dir='ltr'><strong>in</strong></span> <span class='ocrx_word' id='word_1_197' title='bbox 243 2599 272 2660; x_wconf 92' lang='lat' dir='ltr'>D</span> <span class='ocrx_word' id='word_1_198' title='bbox 300 2597 450 2677; x_wconf 90' lang='lat' dir='ltr'><strong>scriptum</strong></span> <span class='ocrx_word' id='word_1_199' title='bbox 484 2596 596 2658; x_wconf 84' lang='lat' dir='ltr'><strong>luisset</strong></span> <span class='ocrx_word' id='word_1_200' title='bbox 623 2595 654 2658; x_wconf 91' lang='lat' dir='ltr'><strong>in</strong></span> <span class='ocrx_word' id='word_1_201' title='bbox 682 2613 803 2668; x_wconf 89' lang='lat' dir='ltr'><strong>rasura,</strong></span> <span class='ocrx_word' id='word_1_202' title='bbox 831 2595 1004 2658; x_wconf 88' lang='lat' dir='ltr'><strong>discernere</strong></span> <span class='ocrx_word' id='word_1_203' title='bbox 1026 2596 1160 2678; x_wconf 84' lang='lat' dir='ltr'><strong>nequivi.</strong></span> <span class='ocrx_word' id='word_1_204' title='bbox 1205 2596 1338 2660; x_wconf 86' lang='lat' dir='ltr'><strong>Accedit</strong></span> <span class='ocrx_word' id='word_1_205' title='bbox 1360 2597 1442 2680; x_wconf 89' lang='lat' dir='ltr'><strong>quod</strong></span> 
     </span>
     <span class='ocr_line' id='line_1_21' title="bbox 180 2696 1444 2780; baseline -0.002 -18"><span class='ocrx_word' id='word_1_206' title='bbox 180 2719 245 2762; x_wconf 91' lang='lat' dir='ltr'><strong>non</strong></span> <span class='ocrx_word' id='word_1_207' title='bbox 267 2699 366 2762; x_wconf 91' lang='lat' dir='ltr'><strong>solum</strong></span> <span class='ocrx_word' id='word_1_208' title='bbox 387 2698 420 2760; x_wconf 92' lang='lat' dir='ltr'><strong>in</strong></span> <span class='ocrx_word' id='word_1_209' title='bbox 442 2697 501 2772; x_wconf 87' lang='lat' dir='ltr'><strong>his,</strong></span> <span class='ocrx_word' id='word_1_210' title='bbox 524 2698 578 2760; x_wconf 90' lang='lat' dir='ltr'><strong>sed</strong></span> <span class='ocrx_word' id='word_1_211' title='bbox 602 2696 696 2759; x_wconf 89' lang='lat' dir='ltr'><strong>etiam</strong></span> <span class='ocrx_word' id='word_1_212' title='bbox 719 2696 751 2758; x_wconf 90' lang='lat' dir='ltr'><strong>in</strong></span> <span class='ocrx_word' id='word_1_213' title='bbox 773 2696 863 2759; x_wconf 72' lang='lat' dir='ltr'><strong>lsslP</strong></span> <span class='ocrx_word' id='word_1_214' title='bbox 885 2697 996 2759; x_wconf 90' lang='lat' dir='ltr'><strong>Bamb.</strong></span> <span class='ocrx_word' id='word_1_215' title='bbox 1019 2698 1160 2778; x_wconf 87' lang='lat' dir='ltr'><strong>seqnitur</strong></span> <span class='ocrx_word' id='word_1_216' title='bbox 1181 2699 1330 2772; x_wconf 70' lang='lat' dir='ltr'><strong>innaret,-</strong></span> <span class='ocrx_word' id='word_1_217' title='bbox 1350 2717 1444 2780; x_wconf 89' lang='lat' dir='ltr'><strong>quam</strong></span> 
     </span>
     <span class='ocr_line' id='line_1_22' title="bbox 181 2796 1444 2882; baseline 0 -20"><span class='ocrx_word' id='word_1_218' title='bbox 181 2799 346 2864; x_wconf 89' lang='lat' dir='ltr'><strong>lectionem</strong></span> <span class='ocrx_word' id='word_1_219' title='bbox 370 2799 517 2880; x_wconf 83' lang='lat' dir='ltr'><strong>opinatur</strong></span> <span class='ocrx_word' id='word_1_220' title='bbox 538 2796 762 2862; x_wconf 86' lang='lat' dir='ltr'><strong>Drakenborch</strong></span> <span class='ocrx_word' id='word_1_221' title='bbox 786 2797 1006 2878; x_wconf 87' lang='lat' dir='ltr'><strong>interpolatam</strong></span> <span class='ocrx_word' id='word_1_222' title='bbox 1031 2817 1099 2862; x_wconf 89' lang='lat' dir='ltr'><strong>esse</strong></span> <span class='ocrx_word' id='word_1_223' title='bbox 1122 2819 1141 2860; x_wconf 93' lang='lat' dir='ltr'><strong>a</strong></span> <span class='ocrx_word' id='word_1_224' title='bbox 1162 2799 1299 2874; x_wconf 87' lang='lat' dir='ltr'><strong>librario,</strong></span> <span class='ocrx_word' id='word_1_225' title='bbox 1322 2800 1374 2882; x_wconf 88' lang='lat' dir='ltr'><strong>qui</strong></span> <span class='ocrx_word' id='word_1_226' title='bbox 1397 2800 1444 2862; x_wconf 89' lang='lat' dir='ltr'><strong>lc-</strong></span> 
     </span>
     <span class='ocr_line' id='line_1_23' title="bbox 184 2898 1444 2980; baseline 0 -16"><span class='ocrx_word' id='word_1_227' title='bbox 184 2901 337 2965; x_wconf 89' lang='lat' dir='ltr'><strong>cutionem</strong></span> <span class='ocrx_word' id='word_1_228' title='bbox 360 2900 513 2972; x_wconf 84' lang='lat' dir='ltr'><strong>infinitivo</strong></span> <span class='ocrx_word' id='word_1_229' title='bbox 536 2899 731 2962; x_wconf 88' lang='lat' dir='ltr'><strong>enuntiatam</strong></span> <span class='ocrx_word' id='word_1_230' title='bbox 755 2898 835 2960; x_wconf 84' lang='lat' dir='ltr'><strong>ferre</strong></span> <span class='ocrx_word' id='word_1_231' title='bbox 857 2918 917 2961; x_wconf 90' lang='lat' dir='ltr'><strong>non</strong></span> <span class='ocrx_word' id='word_1_232' title='bbox 939 2906 1055 2980; x_wconf 89' lang='lat' dir='ltr'><strong>posset.</strong></span> <span class='ocrx_word' id='word_1_233' title='bbox 1092 2899 1154 2964; x_wconf 85' lang='lat' dir='ltr'><strong>Sed</strong></span> <span class='ocrx_word' id='word_1_234' title='bbox 1177 2901 1329 2964; x_wconf 79' lang='lat' dir='ltr'><strong>infinitivo</strong></span> <span class='ocrx_word' id='word_1_235' title='bbox 1343 2901 1444 2964; x_wconf 90' lang='lat' dir='ltr'><strong>bisto-</strong></span> 
     </span>
     <span class='ocr_line' id='line_1_24' title="bbox 184 2999 1446 3080; baseline -0.002 -14"><span class='ocrx_word' id='word_1_236' title='bbox 184 3003 245 3066; x_wconf 85' lang='lat' dir='ltr'><strong>nico</strong></span> <span class='ocrx_word' id='word_1_237' title='bbox 279 3001 358 3065; x_wconf 88' lang='lat' dir='ltr'><strong>satis</strong></span> <span class='ocrx_word' id='word_1_238' title='bbox 391 3001 509 3064; x_wconf 86' lang='lat' dir='ltr'><strong>assueti</strong></span> <span class='ocrx_word' id='word_1_239' title='bbox 540 2999 657 3064; x_wconf 88' lang='lat' dir='ltr'><strong>librarii</strong></span> <span class='ocrx_word' id='word_1_240' title='bbox 686 3018 813 3080; x_wconf 88' lang='lat' dir='ltr'><strong>parcere</strong></span> <span class='ocrx_word' id='word_1_241' title='bbox 841 3000 995 3075; x_wconf 85' lang='lat' dir='ltr'><strong>solebant,</strong></span> <span class='ocrx_word' id='word_1_242' title='bbox 1018 3001 1077 3064; x_wconf 87' lang='lat' dir='ltr'><strong>nisi</strong></span> <span class='ocrx_word' id='word_1_243' title='bbox 1100 3002 1164 3065; x_wconf 87' lang='lat' dir='ltr'><strong>alia</strong></span> <span class='ocrx_word' id='word_1_244' title='bbox 1185 3002 1328 3066; x_wconf 87' lang='lat' dir='ltr'><strong>mutandi</strong></span> <span class='ocrx_word' id='word_1_245' title='bbox 1351 3021 1446 3065; x_wconf 87' lang='lat' dir='ltr'><strong>causa</strong></span> 
     </span>
     <span class='ocr_line' id='line_1_25' title="bbox 184 3100 1446 3184; baseline -0.002 -17"><span class='ocrx_word' id='word_1_246' title='bbox 184 3105 355 3168; x_wconf 86' lang='lat' dir='ltr'><strong>accederet.</strong></span> <span class='ocrx_word' id='word_1_247' title='bbox 400 3101 489 3173; x_wconf 82' lang='lat' dir='ltr'><strong>Quae</strong></span> <span class='ocrx_word' id='word_1_248' title='bbox 522 3101 645 3184; x_wconf 88' lang='lat' dir='ltr'><strong>quidem</strong></span> <span class='ocrx_word' id='word_1_249' title='bbox 680 3100 737 3162; x_wconf 88' lang='lat' dir='ltr'><strong>tali</strong></span> <span class='ocrx_word' id='word_1_250' title='bbox 770 3100 860 3162; x_wconf 91' lang='lat' dir='ltr'><strong>modo</strong></span> <span class='ocrx_word' id='word_1_251' title='bbox 888 3101 938 3164; x_wconf 92' lang='lat' dir='ltr'><strong>hic</strong></span> <span class='ocrx_word' id='word_1_252' title='bbox 960 3103 1106 3166; x_wconf 89' lang='lat' dir='ltr'><strong>accedere</strong></span> <span class='ocrx_word' id='word_1_253' title='bbox 1128 3103 1248 3183; x_wconf 87' lang='lat' dir='ltr'><strong>potuit:</strong></span> <span class='ocrx_word' id='word_1_254' title='bbox 1271 3104 1298 3166; x_wconf 92' lang='lat' dir='ltr'><strong>si</strong></span> <span class='ocrx_word' id='word_1_255' title='bbox 1320 3102 1446 3184; x_wconf 88' lang='lat' dir='ltr'><strong>scripsit</strong></span> 
     </span>
     <span class='ocr_line' id='line_1_26' title="bbox 185 3199 1445 3287; baseline -0.002 -19"><span class='ocrx_word' id='word_1_256' title='bbox 185 3204 293 3268; x_wconf 82' lang='lat' dir='ltr'><strong>Livius</strong></span> <span class='ocrx_word' id='word_1_257' title='bbox 318 3202 386 3283; x_wconf 84' lang='lat' dir='ltr'><strong>Quo</strong></span> <span class='ocrx_word' id='word_1_258' title='bbox 408 3203 512 3287; x_wconf 78' lang='lat' dir='ltr'><strong>maqt&#39;e</strong></span> <span class='ocrx_word' id='word_1_259' title='bbox 537 3201 731 3286; x_wconf 80' lang='lat' dir='ltr'><strong>Tarquinius</strong></span> <span class='ocrx_word' id='word_1_260' title='bbox 752 3201 871 3264; x_wconf 80' lang='lat' dir='ltr'><strong>instare</strong></span> <span class='ocrx_word' id='word_1_261' title='bbox 893 3199 949 3285; x_wconf 83' lang='lat' dir='ltr'><strong>(cl.</strong></span> <span class='ocrx_word' id='word_1_262' title='bbox 973 3202 1036 3267; x_wconf 86' lang='lat' dir='ltr'><strong>Gic.</strong></span> <span class='ocrx_word' id='word_1_263' title='bbox 1060 3204 1128 3266; x_wconf 87' lang='lat' dir='ltr'><strong>Fin.</strong></span> <span class='ocrx_word' id='word_1_264' title='bbox 1151 3205 1182 3279; x_wconf 85' lang='lat'><strong>3,</strong></span> <span class='ocrx_word' id='word_1_265' title='bbox 1204 3207 1234 3278; x_wconf 84' lang='lat'><strong>2,</strong></span> <span class='ocrx_word' id='word_1_266' title='bbox 1256 3203 1362 3276; x_wconf 71' lang='lat' dir='ltr'><strong>luno</strong></span> <span class='ocrx_word' id='word_1_267' title='bbox 1377 3223 1445 3266; x_wconf 86' lang='lat' dir='ltr'><strong>ma-</strong></span> 
     </span>
     <span class='ocr_line' id='line_1_27' title="bbox 185 3299 1444 3388; baseline 0 -20"><span class='ocrx_word' id='word_1_268' title='bbox 185 3306 231 3387; x_wconf 86' lang='lat' dir='ltr'><strong>gis</strong></span> <span class='ocrx_word' id='word_1_269' title='bbox 258 3306 317 3368; x_wconf 89' lang='lat' dir='ltr'><strong>boc</strong></span> <span class='ocrx_word' id='word_1_270' title='bbox 344 3304 527 3386; x_wconf 83' lang='lat' dir='ltr'><strong>philosopho</strong></span> <span class='ocrx_word' id='word_1_271' title='bbox 556 3303 732 3366; x_wconf 83' lang='lat' dir='ltr'><strong>iaciendum</strong></span> <span class='ocrx_word' id='word_1_272' title='bbox 756 3299 832 3388; x_wconf 89' lang='lat' dir='ltr'><strong>est),</strong></span> <span class='ocrx_word' id='word_1_273' title='bbox 856 3309 889 3365; x_wconf 91' lang='lat' dir='ltr'><strong>et</strong></span> <span class='ocrx_word' id='word_1_274' title='bbox 912 3301 1058 3388; x_wconf 74' lang='lat' dir='ltr'><strong>Comopr&#39;s</strong></span> <span class='ocrx_word' id='word_1_275' title='bbox 1080 3305 1214 3368; x_wconf 83' lang='lat' dir='ltr'><strong>existere</strong></span> <span class='ocrx_word' id='word_1_276' title='bbox 1237 3306 1350 3386; x_wconf 90' lang='lat' dir='ltr'><strong>potuit,</strong></span> <span class='ocrx_word' id='word_1_277' title='bbox 1373 3323 1444 3368; x_wconf 89' lang='lat' dir='ltr'><strong>nam</strong></span> 
     </span>
     <span class='ocr_line' id='line_1_28' title="bbox 186 3402 1445 3492; baseline 0 -24"><span class='ocrx_word' id='word_1_278' title='bbox 186 3429 227 3492; x_wconf 84' lang='lat' dir='ltr'><strong>qu</strong></span> <span class='ocrx_word' id='word_1_279' title='bbox 247 3408 279 3470; x_wconf 91' lang='lat' dir='ltr'><strong>in</strong></span> <span class='ocrx_word' id='word_1_280' title='bbox 303 3429 319 3469; x_wconf 90' lang='lat' dir='ltr'><strong>c</strong></span> <span class='ocrx_word' id='word_1_281' title='bbox 341 3405 523 3486; x_wconf 86' lang='lat' dir='ltr'><strong>saepissime</strong></span> <span class='ocrx_word' id='word_1_282' title='bbox 552 3405 745 3479; x_wconf 85' lang='lat' dir='ltr'><strong>mutabatur,</strong></span> <span class='ocrx_word' id='word_1_283' title='bbox 775 3411 807 3465; x_wconf 92' lang='lat' dir='ltr'><strong>et</strong></span> <span class='ocrx_word' id='word_1_284' title='bbox 830 3402 932 3483; x_wconf 78' lang='lat' dir='ltr'><strong>Quom</strong></span> <span class='ocrx_word' id='word_1_285' title='bbox 953 3407 1066 3490; x_wconf 71' lang='lat' dir='ltr'><strong>mepte,</strong></span> <span class='ocrx_word' id='word_1_286' title='bbox 1093 3425 1165 3470; x_wconf 91' lang='lat' dir='ltr'><strong>nam</strong></span> <span class='ocrx_word' id='word_1_287' title='bbox 1188 3406 1362 3488; x_wconf 89' lang='lat' dir='ltr'><strong>antiquitus</strong></span> <span class='ocrx_word' id='word_1_288' title='bbox 1385 3425 1445 3470; x_wconf 91' lang='lat' dir='ltr'><strong>non</strong></span> 
     </span>
     <span class='ocr_line' id='line_1_29' title="bbox 186 3502 1447 3589; baseline -0.002 -17"><span class='ocrx_word' id='word_1_289' title='bbox 186 3527 265 3582; x_wconf 91' lang='lat' dir='ltr'><strong>cum,</strong></span> <span class='ocrx_word' id='word_1_290' title='bbox 287 3509 342 3570; x_wconf 90' lang='lat' dir='ltr'><strong>sed</strong></span> <span class='ocrx_word' id='word_1_291' title='bbox 366 3527 456 3589; x_wconf 89' lang='lat' dir='ltr'><strong>quom</strong></span> <span class='ocrx_word' id='word_1_292' title='bbox 479 3507 684 3579; x_wconf 85' lang='lat' dir='ltr'><strong>scribebatur,</strong></span> <span class='ocrx_word' id='word_1_293' title='bbox 702 3513 735 3567; x_wconf 89' lang='lat' dir='ltr'><strong>et</strong></span> <span class='ocrx_word' id='word_1_294' title='bbox 750 3502 827 3568; x_wconf 79' lang='lat' dir='ltr'><strong>Corn</strong></span> <span class='ocrx_word' id='word_1_295' title='bbox 841 3505 953 3589; x_wconf 74' lang='lat' dir='ltr'><strong>maqiu,</strong></span> <span class='ocrx_word' id='word_1_296' title='bbox 970 3507 1185 3570; x_wconf 87' lang='lat' dir='ltr'><strong>usitatioribus</strong></span> <span class='ocrx_word' id='word_1_297' title='bbox 1198 3507 1314 3572; x_wconf 85' lang='lat' dir='ltr'><strong>litteris</strong></span> <span class='ocrx_word' id='word_1_298' title='bbox 1328 3507 1447 3588; x_wconf 85' lang='lat' dir='ltr'><strong>scripta</strong></span> 
     </span>
     <span class='ocr_line' id='line_1_30' title="bbox 185 3604 1446 3692; baseline 0 -20"><span class='ocrx_word' id='word_1_299' title='bbox 185 3609 409 3682; x_wconf 87' lang='lat' dir='ltr'><strong>coniunctione,</strong></span> <span class='ocrx_word' id='word_1_300' title='bbox 443 3627 535 3690; x_wconf 85' lang='lat' dir='ltr'><strong>quem</strong></span> <span class='ocrx_word' id='word_1_301' title='bbox 565 3606 624 3670; x_wconf 91' lang='lat' dir='ltr'><strong>sibi</strong></span> <span class='ocrx_word' id='word_1_302' title='bbox 651 3607 817 3680; x_wconf 85' lang='lat' dir='ltr'><strong>linxerant,</strong></span> <span class='ocrx_word' id='word_1_303' title='bbox 845 3613 878 3669; x_wconf 89' lang='lat' dir='ltr'><strong>et</strong></span> <span class='ocrx_word' id='word_1_304' title='bbox 901 3604 1035 3671; x_wconf 81' lang='lat' dir='ltr'><strong>Comen</strong></span> <span class='ocrx_word' id='word_1_305' title='bbox 1057 3609 1169 3692; x_wconf 65' lang='lat' dir='ltr'><strong>mepta,</strong></span> <span class='ocrx_word' id='word_1_306' title='bbox 1192 3610 1273 3691; x_wconf 92' lang='lat' dir='ltr'><strong>quod</strong></span> <span class='ocrx_word' id='word_1_307' title='bbox 1296 3609 1391 3672; x_wconf 86' lang='lat' dir='ltr'><strong>etiam</strong></span> <span class='ocrx_word' id='word_1_308' title='bbox 1413 3609 1446 3672; x_wconf 92' lang='lat' dir='ltr'><strong>iu</strong></span> 
     </span>
     <span class='ocr_line' id='line_1_31' title="bbox 184 3706 1447 3791; baseline -0.002 -17"><span class='ocrx_word' id='word_1_309' title='bbox 184 3713 211 3774; x_wconf 90' lang='lat' dir='ltr'>L</span> <span class='ocrx_word' id='word_1_310' title='bbox 233 3729 302 3773; x_wconf 89' lang='lat' dir='ltr'><strong>esse</strong></span> <span class='ocrx_word' id='word_1_311' title='bbox 325 3709 454 3785; x_wconf 80' lang='lat' dir='ltr'><strong>dicitur3</strong></span> <span class='ocrx_word' id='word_1_312' title='bbox 484 3709 578 3772; x_wconf 91' lang='lat' dir='ltr'><strong>hocce</strong></span> <span class='ocrx_word' id='word_1_313' title='bbox 601 3725 673 3770; x_wconf 89' lang='lat' dir='ltr'><strong>vero</strong></span> <span class='ocrx_word' id='word_1_314' title='bbox 696 3707 774 3770; x_wconf 78' lang='lat' dir='ltr'><strong>Cum</strong></span> <span class='ocrx_word' id='word_1_315' title='bbox 797 3708 847 3770; x_wconf 89' lang='lat' dir='ltr'><strong>vel</strong></span> <span class='ocrx_word' id='word_1_316' title='bbox 870 3706 971 3780; x_wconf 83' lang='lat' dir='ltr'><strong>Quom</strong></span> <span class='ocrx_word' id='word_1_317' title='bbox 995 3729 1054 3772; x_wconf 90' lang='lat' dir='ltr'><strong>non</strong></span> <span class='ocrx_word' id='word_1_318' title='bbox 1078 3710 1196 3773; x_wconf 79' lang='lat' dir='ltr'><strong>instare</strong></span> <span class='ocrx_word' id='word_1_319' title='bbox 1217 3710 1296 3791; x_wconf 89' lang='lat' dir='ltr'><strong>pati,</strong></span> <span class='ocrx_word' id='word_1_320' title='bbox 1318 3711 1373 3774; x_wconf 88' lang='lat' dir='ltr'><strong>sed</strong></span> <span class='ocrx_word' id='word_1_321' title='bbox 1395 3710 1447 3772; x_wconf 79' lang='lat' dir='ltr'><strong>in-</strong></span> 
     </span>
     <span class='ocr_line' id='line_1_32' title="bbox 184 3809 1446 3894; baseline 0 -20"><span class='ocrx_word' id='word_1_322' title='bbox 184 3821 281 3874; x_wconf 77' lang='lat' dir='ltr'><strong>staret</strong></span> <span class='ocrx_word' id='word_1_323' title='bbox 308 3811 468 3892; x_wconf 89' lang='lat' dir='ltr'><strong>postulare</strong></span> <span class='ocrx_word' id='word_1_324' title='bbox 496 3810 672 3882; x_wconf 85' lang='lat' dir='ltr'><strong>videbatur,</strong></span> <span class='ocrx_word' id='word_1_325' title='bbox 704 3809 876 3889; x_wconf 86' lang='lat' dir='ltr'><strong>quodcum</strong></span> <span class='ocrx_word' id='word_1_326' title='bbox 901 3810 995 3873; x_wconf 88' lang='lat' dir='ltr'><strong>etiam</strong></span> <span class='ocrx_word' id='word_1_327' title='bbox 1017 3811 1049 3874; x_wconf 90' lang='lat' dir='ltr'><strong>in</strong></span> <span class='ocrx_word' id='word_1_328' title='bbox 1073 3813 1190 3892; x_wconf 89' lang='lat' dir='ltr'><strong>optimo</strong></span> <span class='ocrx_word' id='word_1_329' title='bbox 1213 3831 1333 3894; x_wconf 91' lang='lat' dir='ltr'><strong>quoqne</strong></span> <span class='ocrx_word' id='word_1_330' title='bbox 1356 3831 1446 3874; x_wconf 85' lang='lat' dir='ltr'><strong>man-</strong></span> 
     </span>
     <span class='ocr_line' id='line_1_33' title="bbox 185 3909 1447 3991; baseline -0.002 -15"><span class='ocrx_word' id='word_1_331' title='bbox 185 3913 271 3987; x_wconf 83' lang='lat' dir='ltr'><strong>serit,</strong></span> <span class='ocrx_word' id='word_1_332' title='bbox 299 3913 401 3974; x_wconf 90' lang='lat' dir='ltr'><strong>labem</strong></span> <span class='ocrx_word' id='word_1_333' title='bbox 430 3911 523 3975; x_wconf 89' lang='lat' dir='ltr'><strong>istam</strong></span> <span class='ocrx_word' id='word_1_334' title='bbox 553 3919 618 3972; x_wconf 88' lang='lat' dir='ltr'><strong>tam</strong></span> <span class='ocrx_word' id='word_1_335' title='bbox 642 3909 803 3990; x_wconf 89' lang='lat' dir='ltr'><strong>antiquam</strong></span> <span class='ocrx_word' id='word_1_336' title='bbox 826 3909 922 3974; x_wconf 87' lang='lat' dir='ltr'><strong>fuisse</strong></span> <span class='ocrx_word' id='word_1_337' title='bbox 945 3911 1094 3991; x_wconf 90' lang='lat' dir='ltr'><strong>suspicor,</strong></span> <span class='ocrx_word' id='word_1_338' title='bbox 1117 3920 1152 3975; x_wconf 88' lang='lat' dir='ltr'><strong>nt</strong></span> <span class='ocrx_word' id='word_1_339' title='bbox 1175 3912 1269 3976; x_wconf 89' lang='lat' dir='ltr'><strong>etiam</strong></span> <span class='ocrx_word' id='word_1_340' title='bbox 1292 3913 1323 3976; x_wconf 92' lang='lat' dir='ltr'><strong>in</strong></span> <span class='ocrx_word' id='word_1_341' title='bbox 1346 3913 1447 3987; x_wconf 81' lang='lat' dir='ltr'><strong>MFP,</strong></span> 
     </span>
     <span class='ocr_line' id='line_1_34' title="bbox 186 4010 1446 4087; baseline 0 -11"><span class='ocrx_word' id='word_1_342' title='bbox 186 4013 257 4076; x_wconf 51' lang='lat' dir='ltr'><strong>sive*</strong></span> <span class='ocrx_word' id='word_1_343' title='bbox 273 4013 312 4075; x_wconf 88' lang='lat' dir='ltr'><strong>iis</strong></span> <span class='ocrx_word' id='word_1_344' title='bbox 335 4014 415 4087; x_wconf 73' lang='lat' dir='ltr'><strong>cdd,</strong></span> <span class='ocrx_word' id='word_1_345' title='bbox 437 4013 490 4074; x_wconf 89' lang='lat' dir='ltr'><strong>ubi</strong></span> <span class='ocrx_word' id='word_1_346' title='bbox 512 4013 575 4074; x_wconf 91' lang='lat' dir='ltr'><strong>iam</strong></span> <span class='ocrx_word' id='word_1_347' title='bbox 599 4011 675 4074; x_wconf 91' lang='lat' dir='ltr'><strong>nibil</strong></span> <span class='ocrx_word' id='word_1_348' title='bbox 698 4010 757 4073; x_wconf 87' lang='lat' dir='ltr'><strong>nisi</strong></span> <span class='ocrx_word' id='word_1_349' title='bbox 780 4031 814 4072; x_wconf 84' lang='lat' dir='ltr'><strong>eo</strong></span> <span class='ocrx_word' id='word_1_350' title='bbox 836 4019 947 4086; x_wconf 89' lang='lat' dir='ltr'><strong>restat,</strong></span> <span class='ocrx_word' id='word_1_351' title='bbox 966 4013 1180 4076; x_wconf 89' lang='lat' dir='ltr'><strong>coniunctivus</strong></span> <span class='ocrx_word' id='word_1_352' title='bbox 1194 4013 1247 4076; x_wconf 92' lang='lat' dir='ltr'><strong>ille</strong></span> <span class='ocrx_word' id='word_1_353' title='bbox 1262 4014 1446 4076; x_wconf 86' lang='lat' dir='ltr'><strong>efficeretur.</strong></span> 
     </span>
     <span class='ocr_line' id='line_1_35' title="bbox 184 4112 1446 4196; baseline -0.002 -18"><span class='ocrx_word' id='word_1_354' title='bbox 184 4114 242 4178; x_wconf 89' lang='lat' dir='ltr'><strong>Sin</strong></span> <span class='ocrx_word' id='word_1_355' title='bbox 271 4121 380 4178; x_wconf 87' lang='lat' dir='ltr'><strong>contra</strong></span> <span class='ocrx_word' id='word_1_356' title='bbox 407 4115 447 4175; x_wconf 90' lang='lat' dir='ltr'><strong>ab</strong></span> <span class='ocrx_word' id='word_1_357' title='bbox 476 4113 571 4176; x_wconf 70' lang='lat' dir='ltr'><strong>initio.</strong></span> <span class='ocrx_word' id='word_1_358' title='bbox 593 4112 706 4176; x_wconf 85' lang='lat' dir='ltr'><strong>luisset</strong></span> <span class='ocrx_word' id='word_1_359' title='bbox 727 4112 773 4174; x_wconf 80' lang='lat' dir='ltr'><strong>llo</strong></span> <span class='ocrx_word' id='word_1_360' title='bbox 796 4113 895 4192; x_wconf 81' lang='lat' dir='ltr'><strong>magis</strong></span> <span class='ocrx_word' id='word_1_361' title='bbox 918 4113 954 4176; x_wconf 87' lang='lat' dir='ltr'><strong>T.</strong></span> <span class='ocrx_word' id='word_1_362' title='bbox 977 4115 1106 4188; x_wconf 88' lang='lat' dir='ltr'><strong>instare,</strong></span> <span class='ocrx_word' id='word_1_363' title='bbox 1129 4135 1185 4176; x_wconf 89' lang='lat' dir='ltr'><strong>nec</strong></span> <span class='ocrx_word' id='word_1_364' title='bbox 1207 4115 1238 4179; x_wconf 91' lang='lat' dir='ltr'><strong>in</strong></span> <span class='ocrx_word' id='word_1_365' title='bbox 1261 4115 1369 4196; x_wconf 89' lang='lat' dir='ltr'><strong>primis</strong></span> <span class='ocrx_word' id='word_1_366' title='bbox 1392 4113 1446 4176; x_wconf 90' lang='lat' dir='ltr'><strong>lit·</strong></span> 
     </span>
     <span class='ocr_line' id='line_1_36' title="bbox 185 4213 1447 4299; baseline 0 -21"><span class='ocrx_word' id='word_1_367' title='bbox 185 4216 261 4278; x_wconf 86' lang='lat' dir='ltr'><strong>teris</strong></span> <span class='ocrx_word' id='word_1_368' title='bbox 284 4235 340 4278; x_wconf 89' lang='lat' dir='ltr'><strong>nec</strong></span> <span class='ocrx_word' id='word_1_369' title='bbox 361 4214 393 4276; x_wconf 92' lang='lat' dir='ltr'><strong>in</strong></span> <span class='ocrx_word' id='word_1_370' title='bbox 416 4214 581 4295; x_wconf 89' lang='lat' dir='ltr'><strong>postremis</strong></span> <span class='ocrx_word' id='word_1_371' title='bbox 605 4233 669 4288; x_wconf 89' lang='lat' dir='ltr'><strong>aas,</strong></span> <span class='ocrx_word' id='word_1_372' title='bbox 691 4231 768 4294; x_wconf 86' lang='lat' dir='ltr'><strong>quas</strong></span> <span class='ocrx_word' id='word_1_373' title='bbox 790 4213 942 4288; x_wconf 86' lang='lat' dir='ltr'><strong>videmus,</strong></span> <span class='ocrx_word' id='word_1_374' title='bbox 965 4215 1154 4278; x_wconf 87' lang='lat' dir='ltr'><strong>mutationes</strong></span> <span class='ocrx_word' id='word_1_375' title='bbox 1172 4235 1319 4299; x_wconf 90' lang='lat' dir='ltr'><strong>umquam</strong></span> <span class='ocrx_word' id='word_1_376' title='bbox 1338 4235 1447 4279; x_wconf 89' lang='lat' dir='ltr'><strong>conse-</strong></span> 
     </span>
     <span class='ocr_line' id='line_1_37' title="bbox 185 4313 1448 4399; baseline -0.002 -19"><span class='ocrx_word' id='word_1_377' title='bbox 185 4323 313 4380; x_wconf 86' lang='lat' dir='ltr'><strong>cuturas</strong></span> <span class='ocrx_word' id='word_1_378' title='bbox 335 4315 432 4379; x_wconf 82' lang='lat' dir='ltr'><strong>luisse</strong></span> <span class='ocrx_word' id='word_1_379' title='bbox 455 4314 608 4378; x_wconf 81' lang='lat' dir='ltr'><strong>existimo.</strong></span> <span class='ocrx_word' id='word_1_380' title='bbox 654 4313 702 4379; x_wconf 82' lang='lat' dir='ltr'><strong>of.</strong></span> <span class='ocrx_word' id='word_1_381' title='bbox 725 4315 755 4388; x_wconf 92' lang='grc'><strong>2,</strong></span> <span class='ocrx_word' id='word_1_382' title='bbox 778 4313 829 4388; x_wconf 86' lang='grc'><strong>51,</strong></span> <span class='ocrx_word' id='word_1_383' title='bbox 854 4315 868 4376; x_wconf 95' lang='lat' dir='ltr'><strong>l</strong></span> <span class='ocrx_word' id='word_1_384' title='bbox 895 4315 972 4379; x_wconf 84' lang='lat' dir='ltr'><strong>Oum</strong></span> <span class='ocrx_word' id='word_1_385' title='bbox 996 4317 1073 4380; x_wconf 89' lang='lat' dir='ltr'><strong>haec</strong></span> <span class='ocrx_word' id='word_1_386' title='bbox 1095 4325 1226 4399; x_wconf 89' lang='lat' dir='ltr'><strong>accepta</strong></span> <span class='ocrx_word' id='word_1_387' title='bbox 1248 4317 1352 4380; x_wconf 83' lang='lat' dir='ltr'><strong>clades</strong></span> <span class='ocrx_word' id='word_1_388' title='bbox 1372 4324 1448 4380; x_wconf 83' lang='lat' dir='ltr'><strong>esset</strong></span> 
     </span>
     <span class='ocr_line' id='line_1_38' title="bbox 186 4415 1072 4498; baseline 0 -18"><span class='ocrx_word' id='word_1_389' title='bbox 186 4419 267 4492; x_wconf 82' lang='lat' dir='ltr'><strong>cdd,</strong></span> <span class='ocrx_word' id='word_1_390' title='bbox 289 4418 343 4480; x_wconf 90' lang='lat' dir='ltr'><strong>nbi</strong></span> <span class='ocrx_word' id='word_1_391' title='bbox 364 4426 409 4480; x_wconf 83' lang='lat' dir='ltr'><strong>ert</strong></span> <span class='ocrx_word' id='word_1_392' title='bbox 430 4416 591 4498; x_wconf 89' lang='lat' dir='ltr'><strong>scripsisse</strong></span> <span class='ocrx_word' id='word_1_393' title='bbox 614 4415 737 4478; x_wconf 86' lang='lat' dir='ltr'><strong>Livium</strong></span> <span class='ocrx_word' id='word_1_394' title='bbox 760 4415 991 4495; x_wconf 82' lang='lat' dir='ltr'><strong>apertissimum</strong></span> <span class='ocrx_word' id='word_1_395' title='bbox 1015 4425 1072 4480; x_wconf 87' lang='lat' dir='ltr'><strong>est.</strong></span> 
     </span>
    </p>

    <p class='ocr_par' dir='ltr' id='par_1_4' title="bbox 184 4515 1448 4904">
     <span class='ocr_line' id='line_1_39' title="bbox 271 4515 1448 4603; baseline -0.002 -23"><span class='ocrx_word' id='word_1_396' title='bbox 271 4518 322 4594; x_wconf 83' lang='lat'><strong>35,</strong></span> <span class='ocrx_word' id='word_1_397' title='bbox 343 4519 363 4581; x_wconf 85' lang='lat'><strong>3</strong></span> <span class='ocrx_word' id='word_1_398' title='bbox 392 4519 476 4602; x_wconf 85' lang='lat' dir='ltr'><strong>quod</strong></span> <span class='ocrx_word' id='word_1_399' title='bbox 504 4518 670 4603; x_wconf 80' lang='lat' dir='ltr'><strong>quisquam</strong></span> <span class='ocrx_word' id='word_1_400' title='bbox 693 4522 763 4590; x_wconf 81' lang='lat' dir='ltr'><strong>cet,</strong></span> <span class='ocrx_word' id='word_1_401' title='bbox 785 4516 805 4578; x_wconf 92' lang='lat' dir='ltr'><strong>i.</strong></span> <span class='ocrx_word' id='word_1_402' title='bbox 829 4537 855 4578; x_wconf 88' lang='lat' dir='ltr'><strong>e.</strong></span> <span class='ocrx_word' id='word_1_403' title='bbox 878 4538 938 4581; x_wconf 91' lang='lat' dir='ltr'><strong>non</strong></span> <span class='ocrx_word' id='word_1_404' title='bbox 963 4519 1033 4594; x_wconf 88' lang='lat' dir='ltr'><strong>fuit,</strong></span> <span class='ocrx_word' id='word_1_405' title='bbox 1056 4520 1136 4600; x_wconf 93' lang='lat' dir='ltr'><strong>quod</strong></span> <span class='ocrx_word' id='word_1_406' title='bbox 1160 4519 1323 4601; x_wconf 89' lang='lat' dir='ltr'><strong>quisquam</strong></span> <span class='ocrx_word' id='word_1_407' title='bbox 1345 4515 1448 4599; x_wconf 88' lang='lat' dir='ltr'><strong>indig-</strong></span> 
     </span>
     <span class='ocr_line' id='line_1_40' title="bbox 185 4617 1448 4702; baseline 0 -20"><span class='ocrx_word' id='word_1_408' title='bbox 185 4620 253 4682; x_wconf 85' lang='lat' dir='ltr'><strong>nari</strong></span> <span class='ocrx_word' id='word_1_409' title='bbox 276 4619 421 4682; x_wconf 83' lang='lat' dir='ltr'><strong>mirarive</strong></span> <span class='ocrx_word' id='word_1_410' title='bbox 443 4623 559 4701; x_wconf 86' lang='lat' dir='ltr'><strong>posset,</strong></span> <span class='ocrx_word' id='word_1_411' title='bbox 582 4637 650 4682; x_wconf 89' lang='lat' dir='ltr'><strong>cum</strong></span> <span class='ocrx_word' id='word_1_412' title='bbox 674 4637 734 4680; x_wconf 90' lang='lat' dir='ltr'><strong>non</strong></span> <span class='ocrx_word' id='word_1_413' title='bbox 757 4617 875 4697; x_wconf 89' lang='lat' dir='ltr'><strong>primus</strong></span> <span class='ocrx_word' id='word_1_414' title='bbox 897 4620 1016 4682; x_wconf 74' lang='grc' dir='ltr'>Βοιιιιιθ</span> <span class='ocrx_word' id='word_1_415' title='bbox 1038 4621 1218 4702; x_wconf 83' lang='lat' dir='ltr'><strong>peregrinus</strong></span> <span class='ocrx_word' id='word_1_416' title='bbox 1240 4637 1366 4702; x_wconf 85' lang='lat' dir='ltr'><strong>regnum</strong></span> <span class='ocrx_word' id='word_1_417' title='bbox 1389 4619 1448 4682; x_wconf 90' lang='lat' dir='ltr'><strong>ad·</strong></span> 
     </span>
     <span class='ocr_line' id='line_1_41' title="bbox 184 4717 1448 4802; baseline -0.002 -18"><span class='ocrx_word' id='word_1_418' title='bbox 184 4722 329 4784; x_wconf 78' lang='lat' dir='ltr'><strong>sectaret.</strong></span> <span class='ocrx_word' id='word_1_419' title='bbox 372 4720 451 4786; x_wconf 82' lang='lat' dir='ltr'><strong>Gum</strong></span> <span class='ocrx_word' id='word_1_420' title='bbox 473 4721 568 4802; x_wconf 78' lang='lat' dir='ltr'><strong>igitur</strong></span> <span class='ocrx_word' id='word_1_421' title='bbox 590 4717 748 4784; x_wconf 87' lang='lat' dir='ltr'><strong>sententia</strong></span> <span class='ocrx_word' id='word_1_422' title='bbox 769 4717 812 4780; x_wconf 89' lang='lat' dir='ltr'><strong>sit</strong></span> <span class='ocrx_word' id='word_1_423' title='bbox 834 4720 990 4801; x_wconf 82' lang='lat' dir='ltr'><strong>negativa,</strong></span> <span class='ocrx_word' id='word_1_424' title='bbox 1013 4740 1072 4784; x_wconf 91' lang='lat' dir='ltr'><strong>non</strong></span> <span class='ocrx_word' id='word_1_425' title='bbox 1096 4730 1146 4784; x_wconf 87' lang='lat' dir='ltr'><strong>est</strong></span> <span class='ocrx_word' id='word_1_426' title='bbox 1167 4739 1230 4795; x_wconf 86' lang='lat' dir='ltr'><strong>cur,</strong></span> <span class='ocrx_word' id='word_1_427' title='bbox 1253 4727 1288 4782; x_wconf 93' lang='lat' dir='ltr'><strong>nt</strong></span> <span class='ocrx_word' id='word_1_428' title='bbox 1309 4719 1448 4782; x_wconf 91' lang='lat' dir='ltr'><strong>nonnulli</strong></span> 
     </span>
     <span class='ocr_line' id='line_1_42' title="bbox 184 4819 1448 4904; baseline 0 -20"><span class='ocrx_word' id='word_1_429' title='bbox 184 4823 304 4898; x_wconf 89' lang='lat' dir='ltr'><strong>volunt,</strong></span> <span class='ocrx_word' id='word_1_430' title='bbox 331 4821 495 4904; x_wconf 90' lang='lat' dir='ltr'><strong>quisquam</strong></span> <span class='ocrx_word' id='word_1_431' title='bbox 522 4826 661 4885; x_wconf 87' lang='lat' dir='ltr'><strong>mutetur</strong></span> <span class='ocrx_word' id='word_1_432' title='bbox 687 4819 719 4883; x_wconf 92' lang='lat' dir='ltr'><strong>in</strong></span> <span class='ocrx_word' id='word_1_433' title='bbox 743 4819 908 4902; x_wconf 87' lang='lat' dir='ltr'><strong>quispiam,</strong></span> <span class='ocrx_word' id='word_1_434' title='bbox 932 4823 1012 4904; x_wconf 93' lang='lat' dir='ltr'><strong>quod</strong></span> <span class='ocrx_word' id='word_1_435' title='bbox 1036 4822 1083 4886; x_wconf 91' lang='lat' dir='ltr'><strong>bis</strong></span> <span class='ocrx_word' id='word_1_436' title='bbox 1105 4820 1263 4886; x_wconf 87' lang='lat' dir='ltr'><strong>invenitur</strong></span> <span class='ocrx_word' id='word_1_437' title='bbox 1284 4821 1369 4903; x_wconf 90' lang='lat' dir='ltr'><strong>apud</strong></span> <span class='ocrx_word' id='word_1_438' title='bbox 1391 4821 1448 4886; x_wconf 85' lang='lat' dir='ltr'><strong>Li·</strong></span> 
     </span>
    </p>
   </div>
   <div class='ocr_carea' id='block_1_3' title="bbox 0 0 1814 5632">
    <p class='ocr_par' dir='ltr' id='par_1_5' title="bbox 0 0 1814 5632">
     <span class='ocr_line' id='line_1_43' title="bbox 0 0 1814 5632; baseline 0 0"><span class='ocrx_word' id='word_1_439' title='bbox 0 0 1814 5632; x_wconf 95' lang='lat' dir='ltr'><strong> </strong></span> 
     </span>
    </p>
   </div>
  </div>
 </body>
</html>
