3584 5632
370 579 410 634 64
654 579 856 651 Epilogomeaa
877 579 913 634 ad
936 577 968 634 Τ.
992 578 1064 636 Livii
1088 580 1191 635 librum
1213 581 1342 650 primum.

370 745 520 830 ὀργάνοις
553 751 828 834 ἐπισημαινόντων
855 748 895 814 τὰ
924 748 1145 834 παρακλητικὰ
1166 753 1223 814 aori
1245 751 1402 832 πολέμουε
1425 753 1504 814 adeo
1529 751 1632 816 nullos

371 873 516 916 accensos
545 854 575 914 in
604 853 653 916 bis
676 854 822 916 centuriis
845 855 981 934 agnovit.
1026 855 1092 916 Neo
1114 855 1213 935 magis
1235 855 1403 937 quadrabit
1424 873 1584 926 numerus,
1608 852 1632 913 si

370 955 451 1017 iuter
486 953 561 1034 (non
577 955 698 1036 ¹entra)
732 957 861 1036 triginta
894 956 1021 1036 quintae
1055 955 1163 1016 classis
1192 956 1348 1017 centurias
1378 955 1456 1016 alias
1477 956 1561 1016 duas
1585 953 1632 1014 vel

370 1063 434 1116 tres
458 1055 683 1130 numeraveris;
707 1058 785 1136 quod
810 1064 974 1135 praeterea
991 1063 1112 1136 pugnat
1129 1075 1198 1118 cum
1216 1057 1381 1138 Dionysio:
1405 1055 1634 1120 araneum

371 1159 430 1237 pia
462 1153 526 1236 γὰρ
558 1156 592 1230 ἐξ
625 1153 731 1220 αὐτῶν
760 1158 848 1236 λόχοι
875 1155 946 1228 roric
976 1160 1203 1239 πρεσβυτέρους
1222 1157 1320 1236 εἶχον,
1344 1157 1574 1221 πεντεκαίδεκα
1598 1156 1633 1220 δὲ

370 1254 442 1331 roric
463 1261 643 1336 νεωτέρους.

453 1360 505 1432 43,
532 1361 565 1421 11
596 1361 741 1443 primam
768 1359 914 1441 peditum
941 1359 1142 1434 vocabantur,
1174 1361 1199 1422 si
1223 1368 1280 1422 aut
1302 1379 1363 1422 una
1385 1362 1537 1422 sumenda
1559 1367 1634 1422 sunt

371 1469 428 1523 aut
455 1480 579 1541 prorsus
608 1460 784 1532 reiioienda,
807 1461 931 1522 reiicere
955 1468 1038 1522 certe
1060 1481 1186 1522 necesse
1209 1460 1277 1522 erit.
1322 1461 1432 1522 Voluit
1453 1461 1633 1524 Weissenb.

367 1563 511 1646 primum
533 1581 588 1640 pro
611 1563 777 1641 primorum
801 1562 846 1622 sic
868 1562 996 1634 dietum,
1019 1569 1054 1623 ut
1077 1563 1183 1635 duum,-
1201 1563 1328 1635 socium,
1344 1562 1407 1623 alia
1425 1564 1635 1642 prodnorum,

372 1664 533 1736 sociorum,
567 1664 607 1724 ad
636 1664 717 1743 quod
745 1662 873 1742 Madvig
902 1663 1028 1744 »Neque
1051 1663 1212 1742 primum»,
1234 1663 1345 1743 inquit,
1368 1682 1441 1742 »pro
1464 1663 1634 1743 primorum

372 1764 470 1843 accipi
500 1771 605 1843 potest
632 1783 731 1844 nequa
754 1763 845 1843 primi
868 1763 989 1842 pedites
1013 1763 1066 1824 uili
1090 1773 1206 1826 erano).
1231 1764 1375 1846 primam
1396 1763 1492 1844 igitur
1513 1764 1633 1826 nullam

372 1866 469 1927 babet
502 1865 750 1944 explicationem,
785 1884 822 1925 ao
855 1865 946 1926 facile
981 1873 1103 1926 mutata
1132 1866 1231 1927 fornia
1259 1865 1426 1944 repetitum
1451 1873 1499 1927 ost
1521 1883 1560 1927 ex
1582 1863 1632 1937 iis,

373 1985 452 2046 quae
481 1967 681 2044 praecedunt,
709 1965 800 2044 primi
822 1965 871 2026 vel
895 1965 1022 2045 primae.
1066 1965 1215 2028 Potuitne
1238 1973 1342 2028 tamen
1366 1966 1469 2038 scribi,
1492 1967 1574 2046 quod
1597 1985 1633 2027 eo

372 2075 490 2130 remoto
513 2067 663 2147 reliquum
688 2065 761 2126 erit:
784 2064 918 2150 Equites
939 2067 1022 2126 caim
1041 2065 1233 2128 vocabantur
1246 2067 1366 2149 primi3
1388 2067 1545 2150 acceptata
1558 2067 1633 2128 iada

314 2175 317 2180 '
367 2171 494 2252 primae
516 2165 629 2228 elassis
649 2167 806 2228 centuriae
824 2167 969 2251 peditam
991 2162 1207 2230 vocabantur?
1240 2166 1303 2228 Ubi
1326 2168 1364 2229 de
1386 2165 1544 2249 equitibus
1566 2168 1632 2230 sive

373 2269 510 2350 equitum
540 2267 697 2342 centuriis,
726 2267 805 2348 quae
828 2275 860 2330 et
881 2269 969 2347 ipsae
991 2268 1109 2347 primae
1133 2269 1241 2330 classis
1263 2269 1390 2330 fuerunt
1410 2267 1635 2352 (προσένειμεν

373 2365 488 2441 αὐτοὺς
517 2379 582 2442 τοῖς
604 2368 739 2451 πρώτοις
760 2371 823 2431 τῶν
846 2368 1057 2450 φαλαγγιτῶν
1080 2364 1277 2452 o'rdoq‘aovrc
1299 2367 1432 2453 λόχοις),
1456 2371 1495 2434 ad
1518 2371 1632 2433 suffra-

373 2472 453 2554 gium
477 2471 645 2534 ineundum
669 2472 788 2532 vocatis
811 2471 927 2534 mentio
950 2472 1036 2534 facta
1059 2478 1117 2544 est,
1140 2472 1218 2532 satis
1241 2478 1315 2550 apte
1337 2471 1415 2533 baec
1437 2473 1633 2553 subsequun-

371 2581 437 2636 tur:
461 2573 620 2653 octoginta
641 2573 713 2634 iude
735 2572 853 2652 primae
876 2572 985 2658 classis
1008 2572 1166 2634 centuriae
1190 2573 1327 2652 peditum
1351 2572 1555 2634 vocabantur.
1599 2571 1633 2634 Si

373 2694 463 2756 quem
491 2673 620 2736 offendit
642 2673 769 2736 verbum
792 2673 917 2735 tantillo
939 2673 1043 2753 spatio
1065 2673 1243 2753 repetitum,
1266 2673 1298 2734 id
1320 2691 1340 2734 a
1362 2672 1443 2734 Livii
1467 2680 1633 2736 eonsuetu-

374 2776 444 2838 diue
467 2774 591 2836 minime
614 2774 779 2836 abhorrere
802 2773 953 2853 exemplis
975 2775 1220 2837 monstrandum.
1254 2773 1305 2847 25,
1327 2768 1377 2847 37,
1399 2773 1438 2856 ’11
1463 2774 1566 2836 Verso
1584 2793 1633 2837 re-

373 2885 466 2957 pente
495 2876 527 2938 iu
554 2876 632 2937 iram
656 2875 741 2936 lucta
765 2875 942 2936 discurrunt
964 2876 1003 2937 ad
1027 2893 1124 2948 mma,
1147 2896 1184 2936 ao
1207 2877 1293 2936 velut
1315 2876 1436 2938 accensi
1459 2875 1545 2937 rabie
1567 2876 1633 2938 dis-

373 2985 501 3040 currunt
522 2977 563 3036 ad
585 2983 692 3055 portas
715 2984 748 3037 et
768 2975 799 3036 in
823 2976 944 3038 hostem
966 3011 1008 3022 -
1029 2977 1205 3038 venientem
1227 2977 1398 3060 incurrunt.
1431 2977 1461 3050 5,
1484 2977 1514 3052 4,
1531 2974 1551 3038 9
1566 2976 1633 3039 Aut

373 3099 433 3142 uon
463 3077 577 3156 suscipi
600 3076 715 3138 beilum
740 3076 877 3157 oportuit
899 3085 956 3138 aut
978 3077 1041 3156 geri
1064 3097 1118 3156 pro
1140 3078 1295 3158 dignitate
1317 3077 1423 3158 populi
1445 3077 1579 3139 Romani
1602 3085 1633 3139 et

373 3179 478 3261 perfici
501 3197 592 3259 quam
617 3177 748 3256 primum
773 3185 906 3256 oportet
939 3177 969 3251 9,
992 3178 1043 3252 44,
1068 3179 1106 3239 13
1128 3179 1218 3259 signa
1235 3176 1384 3240 militaria
1401 3197 1456 3240 sex
1475 3186 1507 3240 et
1522 3177 1632 3260 viginti

374 3288 469 3362 capta
491 3287 524 3341 et
544 3279 714 3358 imperator
737 3278 924 3340 Samnitium
948 3278 1099 3359 multique
1122 3279 1175 3340 aiii
1198 3278 1345 3342 mortales
1369 3287 1401 3340 et
1424 3287 1529 3340 castra
1546 3287 1632 3342 uua

374 3402 433 3464 que
461 3387 564 3460 capta.
598 3379 650 3452 34,
672 3378 723 3452 56,
748 3380 786 3440 12
814 3380 854 3440 ad
883 3399 975 3461 quam
1006 3379 1086 3442 diem
1109 3379 1146 3441 L.
1170 3379 1332 3443 Cornelius
1355 3380 1460 3442 consul
1484 3381 1633 3461 edixisset

374 3491 406 3546 et
434 3483 465 3545 iu
490 3500 579 3562 quem
603 3481 704 3543 locum
727 3480 877 3544 edixisset
898 3481 1054 3553 Etruriae,
1078 3481 1287 3544 convenirent.
1320 3481 1372 3554 44,
1398 3479 1445 3556 19,
1471 3482 1484 3542 l
1511 3501 1580 3543 cunr
1602 3481 1632 3542 iu

374 3582 607 3664 exspectatione
641 3589 746 3661 patres
780 3581 922 3655 fuissent,
955 3582 1101 3661 quidnam
1125 3583 1231 3644 consul
1254 3583 1292 3645 de
1314 3581 1499 3644 Macedonia
1520 3615 1563 3628 -
1584 3601 1632 3644 re·

374 3687 479 3757 ferret,
503 3682 579 3746 nihii
601 3701 634 3744 se
657 3682 771 3744 habere
794 3682 923 3756 Paulus,
945 3683 1026 3763 quod
1050 3684 1181 3745 referret
1197 3719 1232 3728 -
1246 3682 1334 3746 dixit.
1370 3676 1400 3756 7,
1416 3684 1467 3756 22,
1484 3683 1631 3764 tTemp-

374 3794 475 3849 tatum
512 3784 594 3846 domi
628 3801 682 3862 per
715 3783 911 3855 dictatorem,
945 3791 979 3844 ut
1010 3785 1101 3845 ambo
1129 3784 1251 3863 patricii
1280 3782 1422 3846 consules
1444 3791 1632 3857 crearentur,

373 3905 437 3948 rem
462 3887 501 3948 ad
523 3884 733 3963 interregnum
757 3884 911 3964 perduxit
950 3885 1020 3947 Duo
1042 3884 1212 3966 interreges
1225 3921 1266 3932 -
1279 3884 1455 3965 interpositi
1472 3883 1632 3947 obtinuere

374 4023 416 4034 -
438 3994 474 4048 ut
495 3987 586 4046 ambo
609 3984 732 4064 patricii
755 3985 896 4046 eonsules
920 3993 1106 4048 crearentur.
1141 3984 1173 4060 8,
1195 3986 1245 4060 25,
1267 3984 1288 4047 6
1311 3985 1449 4048 foediora
1471 3985 1630 4066 aliquanto

374 4089 458 4150 iutra
485 4105 588 4148 muros
613 4084 662 4158 iis,
694 4085 805 4165 quibus
827 4085 926 4148 hostis
947 4085 1126 4159 territabat,
1149 4086 1361 4165 patiebantur,
1384 4093 1416 4147 et
1438 4086 1526 4150 reiut
1548 4085 1631 4167 capti

375 4209 395 4250 a
421 4189 553 4251 suismet
584 4185 644 4265 ipsi
677 4186 841 4266 praesidiis
863 4221 904 4232 -
927 4207 1006 4268 qnae
1039 4195 1202 4268 captarum
1237 4187 1356 4250 urbiam
1386 4194 1529 4250 extrema
1550 4193 1631 4260 suut,

374 4289 587 4370 patiebantur.
620 4287 671 4359 30,
699 4287 752 4361 33,
776 4287 877 4352 4-11
913 4287 1063 4350 iustruxit
1079 4333 1087 4348 .
1101 4332 1108 4349 .
1121 4335 1149 4349 ..
1167 4288 1318 4352 iustruxit
1338 4333 1365 4350 ..
1384 4295 1563 4351 ostentatur

373 4396 573 4454 ostentantur
586 4433 592 4448 .
606 4395 833 4450 ..ostentatur
872 4389 923 4460 30,
946 4387 996 4462 39,
1022 4389 1035 4450 l
1062 4398 1094 4450 et
1115 4391 1135 4452 2
1158 4390 1313 4452 consulem
1328 4436 1335 4450 .
1348 4434 1356 4450 .
1369 4395 1460 4452 atrox
1482 4388 1530 4450 vis
1552 4395 1631 4452 tem-

374 4491 509 4572 pestatis
543 4489 719 4551 adorta
739 4496 936 4568 superantem
974 4496 1094 4552 montes
1113 4537 1120 4551 .
1136 4537 1143 4551 .
1160 4497 1333 4570 tempestas
1368 4489 1479 4552 adorta
1512 4489 1630 4554 disiecit

375 4594 514 4655 classem.
549 4591 598 4653 of.
621 4609 700 4671 quae
723 4609 817 4670 supra
839 4590 939 4652 allata
960 4598 1034 4652 suut
1056 4592 1096 4652 ad
1118 4592 1170 4663 41,
1191 4592 1211 4652 3
1234 4590 1371 4654 consilia.

458 4692 549 4764 Quod
582 4690 675 4753 scribi
698 4710 717 4752 a
738 4689 827 4753 Livio
856 4691 995 4771 potuisse
1023 4691 1097 4754 mibi
1125 4691 1257 4766 ridetur,
1285 4692 1316 4754 id
1345 4693 1446 4772 ipsum
1470 4700 1528 4765 est,
1552 4691 1631 4772 quod

373 4801 483 4860 teuent
511 4791 662 4856 editiones
692 4791 942 4874 antiquissimae:
973 4793 1036 4854 vidi
1064 4793 1175 4854 saitem
1197 4793 1229 4856 in
1253 4793 1321 4854 edd.
1348 4793 1374 4853 1.
1397 4793 1427 4853 3.
1450 4793 1534 4874 Mag.
1557 4793 1632 4856 Asc.
