3574 5632
378 601 579 674 Epilegorneoa
601 602 636 656 ad
659 603 690 656 T.
716 601 786 656 Livii
810 601 910 656 librum
936 599 1094 655 vicesimum
1117 602 1247 670 primum.
1406 602 1439 655 ll

185 782 269 834 taret
302 773 416 838 habero
449 775 546 857 (quod
579 777 653 837 item
688 777 719 837 15
754 777 780 838 P
815 783 887 860 551),
922 794 1013 856 quam
1038 775 1076 836 ob
1100 793 1167 837 eom
1191 793 1316 836 causam
1340 795 1443 838 veram

184 875 372 954 scripturam
408 897 475 939 esse
508 884 677 956 putaverat
711 876 865 939 Dukerus.
910 875 1070 954 (Proxime
1094 875 1233 956 sequitur
1255 873 1445 958 1551551555-

186 995 248 1058 555
268 975 298 1036 in
323 977 391 1039 edd.
424 979 450 1039 1.
473 979 502 1039 3.
525 979 608 1058 Mog.
631 979 713 1039 lunt.
737 977 867 1058 aliisque
891 976 1059 1050 veteribus,
1083 973 1256 1058 lepioaibao
1279 978 1346 1038 cdd.
1370 977 1444 1038 Ald.

187 1076 280 1137 Frob.
305 1077 400 1140 Vasc.
424 1081 510 1160 cet).
555 1079 684 1141 Duobus
708 1078 777 1140 aliis
801 1078 884 1152 locis,
905 1078 956 1150 21,
979 1076 1029 1149 25,
1052 1074 1071 1137 9
1095 1084 1126 1138 et
1148 1077 1199 1150 25,
1225 1075 1273 1152 16,
1298 1078 1346 1150 15,
1370 1099 1445 1140 ean-

189 1178 260 1238 dem
298 1178 482 1241 locutionem
519 1180 553 1240 r'n
585 1179 722 1242 insidiae
757 1178 970 1263 praecipitari
1003 1177 1258 1261 (praecipitatus)
1293 1180 1446 1258 praebent

188 1279 258 1340 cdd.
282 1279 393 1360 Itaque
416 1281 455 1342 ab
480 1282 547 1341 odd.
571 1280 677 1361 utique
700 1280 907 1360 praecipitare
931 1287 962 1340 et
985 1278 1182 1359 praecipitari
1206 1279 1236 1340 in
1250 1279 1445 1342 insidiosae-

187 1399 248 1460 que
283 1381 345 1441 fere
378 1382 468 1443 firma
500 1388 583 1453 sunt,
617 1401 654 1443 ao
686 1381 810 1442 videtur
831 1381 889 1442 hoo
912 1398 947 1442 eo
970 1380 1068 1459 magis
1091 1379 1215 1441 admitti
1239 1398 1339 1459 posse,
1362 1382 1443 1462 quod

188 1479 259 1560 5515
281 1481 321 1542 ab
343 1480 392 1555 iis,
415 1482 467 1563 qui
488 1482 619 1544 insidias
648 1488 840 1555 struxerunt,
864 1480 1089 1560 praecipitatus
1111 1479 1141 1541 in
1165 1480 1295 1542 insidias
1318 1482 1445 1561 cogitari

191 1587 306 1660 potest,
328 1582 376 1644 115
399 1589 434 1644 51
456 1583 640 1663 significatio
664 1590 728 1644 tum
753 1602 807 1661 pro
831 1603 902 1644 vere
926 1581 1052 1660 passiva
1075 1581 1165 1643 facile
1189 1581 1369 1662 accipiatur.

274 1731 331 1794 lllo
355 1732 430 1807 loco,
455 1735 492 1795 de
517 1754 575 1814 quo
599 1734 760 1814 disputare
785 1733 951 1812 coepimus,
986 1731 1020 1792 ire
1048 1732 1185 1793 insidiae
1204 1731 1445 1816 praecipitatas,

191 1831 349 1917 multaque
376 1857 445 1896 cum
468 1835 560 1896 coede
583 1842 641 1896 551.
664 1834 742 1896 haec
765 1855 831 1896 cum
856 1833 1012 1895 Gronovio
1036 1834 1254 1894 convenienter
1283 1835 1446 1896 adnotavit

193 1935 333 1997 Crevier:
357 1935 436 1996 »Vel
460 1935 591 1996 delenda
615 1943 663 1997 est
686 1935 840 2016 particula
862 1955 929 2018 que,
953 1953 1045 2014 quam
1059 1934 1177 2014 aliquot
1190 1933 1265 1995 editi
1278 1955 1336 1996 non
1351 1954 1445 2014 agno-

192 2044 299 2097 scunt»
323 2035 427 2117 (velut
449 2037 495 2097 ed.
520 2037 549 2097 3.
573 2037 682 2116 Meg.),
705 2036 769 2096 »vel
795 2036 956 2116 legendum
975 2035 1237 2118 praecipitatur».
1272 2035 1445 2098 Hancvero

190 2138 320 2198 formam
354 2136 511 2216 passivam
541 2136 1114 2216 1151).511111511551555551551,
1147 2137 1276 2197 alteram
1302 2135 1446 2198 55155111

189 2246 317 2300 tuentur
340 2245 404 2298 tum
428 2239 628 2318 Heerwagen,
653 2239 702 2318 qui
727 2239 765 2298 ad
785 2236 1017 2321 praecipitatos
1039 2237 1186 2318 intelligit
1209 2247 1262 2310 551,
1292 2245 1333 2311 51,
1365 2239 1445 2318 5555

190 2338 314 2418 postid
337 2337 409 2399 1555
432 2338 470 2399 ab
495 2338 577 2400 Aldu
601 2347 758 2400 servatum
783 2346 840 2413 est,
865 2358 902 2400 ex
926 2338 993 2398 cdd.
1017 2335 1175 2420 multaque
1197 2339 1348 2417 integrum
1373 2339 1447 2399 reli-

191 2439 269 2521 quit.
314 2438 479 2502 consimile
503 2439 579 2500 illud
602 2440 652 2514 25,
678 2439 726 2514 16,
758 2439 795 2500 15
824 2438 1057 2522 praecipitatus
1090 2440 1241 2500 tenebant
1275 2440 1343 2500 odd.
1374 2447 1446 2500 ante

192 2540 299 2613 Grum,
333 2539 384 2621 qui
418 2540 470 2624 (ut
503 2560 570 2602 5555
604 2540 718 2602 5151151
739 2540 768 2602 15
799 2541 918 2621 aliquot
942 2536 1027 2621 cdd.)
1049 2539 1283 2624 praecipitatur·
1306 2539 1446 2613 coniecit,

192 2642 271 2722 quod
307 2641 563 2722 praecedentibus
596 2641 696 2702 tribus
729 2641 903 2721 participiis
926 2639 1016 2720 vulgo
1040 2641 1203 2720 probatum
1229 2648 1285 2706 est.
1330 2640 1446 2721 Utique

193 2744 292 2803 forma
315 2741 442 2822 passiva
465 2743 504 2802 ad
527 2761 590 2803 rem
615 2742 789 2821 aptissima,
813 2742 864 2802 ubi
888 2741 1034 2803 scribitur
1064 2740 1141 2803 dece
1163 2739 1282 2824 bospite
1305 2740 1447 2824 (eodem-

190 2862 249 2923 que
283 2843 452 2926 proditore)
486 2842 520 2903 15
553 2843 689 2904 insidias
717 2843 965 2927 praecipitatus,-
999 2861 1069 2902 nam
1102 2841 1159 2903 tali
1183 2844 1259 2903 duce
1283 2863 1342 2904 nou
1367 2843 1446 2903 forte

190 2952 306 3005 temere
331 2943 440 3005 incidit
462 2944 493 3005 iu
516 2943 655 3009 insidias,
700 2944 844 3006 Ceterum
880 2944 905 3005 si
929 2942 1123 3028 praecipitat
1147 2940 1240 3024 (quod
1265 2944 1333 3005 vult
1355 2942 1445 3026 Mvg)

192 3045 340 3124 scriptum
379 3045 499 3118 fuisset,
533 3044 563 3106 id
588 3053 717 3125 utroque
741 3046 805 3107 loco
829 3046 858 3106 io
877 3044 1085 3130 praecipatus
1108 3044 1249 3106 librarios
1273 3052 1448 3106 mutaturos

193 3145 288 3207 fuisse
311 3165 369 3207 noo
394 3153 442 3207 est
465 3145 621 3207 credibile.

277 3297 381 3360 Etiam
406 3317 437 3358 oe
455 3296 670 3380 praecipitere
691 3299 722 3359 in
745 3299 875 3360 insidias
899 3319 958 3360 uno
982 3299 1047 3360 loco
1071 3299 1193 3374 dicitur,
1218 3298 1269 3361 ubi
1292 3298 1447 3378 denegle-

193 3399 299 3478 gentis
321 3399 432 3460 ducum
457 3399 595 3478 adeoque
619 3401 656 3460 de
679 3400 772 3479 culpa
795 3419 896 3461 eorum
920 3399 1046 3479 propria
1068 3401 1167 3461 515115
1191 3408 1248 3461 551.
1293 3399 1346 3461 Sic
1367 3398 1445 3460 enim

191 3500 223 3561 iu
247 3499 315 3561 cdd.
339 3499 451 3579 legitur
473 3498 502 3572 5,
527 3498 575 3572 18,
598 3497 633 3560 7:
668 3500 803 3562 Titinius
832 3499 1051 3581 Genuciusque
1079 3501 1195 3562 tribuni
1219 3500 1349 3562 militum
1375 3519 1447 3580 pro-

191 3600 265 3662 15511
299 3601 449 3662 55151555
484 3599 625 3662 Faliscos
661 3601 911 3683 Capenatesque,
944 3603 1015 3662 dum
1050 3601 1163 3663 bollum
1201 3601 1316 3664 maiore
1345 3601 1447 3664 animo

193 3709 304 3783 gerunt
327 3720 418 3782 quam
443 3701 579 3774 consilio,
603 3703 847 3782 praecipitavere
870 3723 903 3764 55
925 3703 955 3764 15
979 3702 1117 3764 15515155.
1162 3701 1319 3765 Genucius
1350 3711 1447 3766 morte

191 3803 325 3864 honesta
346 3802 556 3864 temeritatem
580 3803 668 3866 luens
691 3810 764 3865 ante
787 3803 876 3884 signa
903 3804 985 3865 inter
1014 3803 1163 3882 primores
1192 3803 1313 3866 cecidit.
1357 3803 1447 3866 Reti-

192 3905 326 3966 uebatur
358 3901 389 3964 id
422 3903 453 3964 in
488 3904 556 3965 edd.
587 3905 615 3966 1.
644 3906 672 3967 3.
702 3906 784 3985 Mog.
807 3905 881 3967 Ald.
901 3906 992 3966 Frob.
1011 3901 1199 3987 5515115555,
1233 3904 1326 3967 etiam
1351 3906 1446 3966 Vasc.

194 4003 285 4076 1552,
318 4005 416 4067 55555
446 4004 590 4085 Sigonius
617 4005 677 4068 hac
709 4005 927 4068 adnotatione:
965 4007 1053 4068 »Vox
1082 4027 1113 4068 55
1136 4007 1226 4068 55551
1250 4025 1269 4066 5
1290 4005 1447 4068 veteribus

193 4105 298 4167 libris»
320 4139 362 4152 -
383 4105 414 4167 id
438 4106 518 4187 quod
540 4105 572 4166 15
595 4107 729 4187 optimos
751 4106 877 4170 minime
899 4107 984 4169 valet
1007 4143 1047 4152 —-
1070 4114 1102 4168 et
1124 4107 1337 4186 uuoexemplo
1351 4106 1447 4168 allato

194 4205 241 4290 16,
264 4207 315 4280 30,
336 4205 373 4289 4)
396 4207 428 4268 15
451 4207 567 4281 olfecit,
586 4216 622 4269 51
643 4227 749 4271 omnes
772 4208 906 4270 editores
930 4229 1026 4290 usque
1042 4209 1082 4270 ad
1095 4208 1327 4270 Alschefskium
1341 4209 1445 4288 (quem

193 4307 224 4368 io
249 4306 356 4386 primis
380 4308 448 4370 555.
472 4317 598 4370 5555155
622 4318 670 4371 551
692 4308 799 4392 st.)
824 4329 989 4389 pronomen
1013 4309 1089 4371 illud
1113 4310 1318 4372 eliminarent.
1342 4308 1446 4370 Etiam

193 4427 262 4471 cum
286 4410 323 4470 55
346 4408 395 4483 115,
418 4429 497 4491 5555
520 4418 610 4472 extra
633 4411 792 4473 consilium
817 4430 898 4473 noxa
922 4411 1026 4492 aliqua
1048 4411 1137 4483 fiunt,
1161 4410 1301 4492 quaestio
1326 4417 1383 4482 551,
1417 4429 1448 4470 55

188 4509 405 4594 praecipitere
438 4509 508 4584 5151,
542 4512 682 4591 exemplo
713 4519 771 4586 551,
804 4513 885 4593 5555
908 4513 946 4573 55
969 4511 1103 4572 avaritia
1125 4512 1345 4583 Romanorum,
1369 4529 1447 4590 quae

193 4629 280 4673 suam
314 4611 384 4690 ipsa
407 4610 506 4673 labem
532 4612 685 4685 attulerit,
718 4613 815 4675 habet
838 4613 914 4675 Sall.
938 4613 1004 4693 Ing.
1025 4613 1076 4686 41,
1099 4610 1119 4673 9
1141 4614 1193 4674 115
1215 4632 1282 4674 cum
1307 4611 1449 4692 potentia

193 4711 329 4774 avaritia
350 4711 416 4774 sine
440 4714 529 4774 modo
552 4714 765 4795 modestiaque
787 4714 944 4786 invadere,
967 4713 1103 4792 polluere
1126 4721 1158 4775 et
1180 4720 1306 4775 vastare
1334 4711 1448 4786 omnia,

192 4813 269 4875 nibil
293 4813 501 4894 pensiusque
524 4815 625 4877 sancti
648 4815 772 4889 habere,
796 4815 897 4895 quoad
921 4822 1020 4876 semet
1041 4815 1111 4894 ipsa
1130 4813 1359 4895 praecipitavit.
