3584 5632
339 601 379 654 24
622 599 821 668 Epilegomcna
842 597 876 650 ad
903 597 931 650 Γ.
956 597 1027 650 Livii
1050 597 1151 650 librum
1175 597 1305 666 primum.

339 772 428 833 derat
450 770 497 852 (id
521 771 601 852 quod
623 779 663 844 et,
684 769 704 832 i.
729 789 754 832 a.
778 768 883 842 etiarn,
906 767 984 830 satis
1006 767 1135 843 indicat,
1151 787 1210 830 uec
1221 767 1355 847 amplius
1368 767 1475 830 addito
1487 766 1595 829 eodem

337 871 473 934 indicare
506 890 583 952 opus
612 871 710 953 erat):
745 879 811 932 tunt
839 889 911 931 vero
935 869 1064 931 ulterius
1086 867 1230 930 Numitor
1252 868 1438 930 sciscitando
1462 876 1595 930 conatus

338 993 405 1034 esse
436 979 581 1034 narratur
604 972 762 1034 certiorem
787 971 830 1033 rei
854 969 1055 1050 cognitionem
1081 969 1224 1049 consequi
1248 989 1342 1051 eoque
1365 970 1498 1050 deniqne
1520 988 1594 1049 per-

337 1072 469 1146 venisse,
492 1080 526 1134 ut
549 1091 607 1136 nou
631 1073 762 1134 multum
786 1073 920 1144 abesset,
943 1070 1015 1151 quin
1038 1069 1168 1131 Remum
1193 1077 1383 1150 agnosceret.
1417 1070 1471 1134 Sic
1489 1069 1593 1150 opinio

338 1174 364 1236 ei
394 1173 617 1255 quodammodo
651 1173 833 1235 confirmata
860 1180 917 1234 est.
961 1171 1009 1234 Ne
1037 1170 1186 1232 studebat
1208 1171 1330 1251 quidem
1353 1171 1535 1246 Faustulus,
1559 1178 1594 1234 ut

336 1274 367 1336 id
391 1281 616 1354 assequeretur.
660 1275 726 1336 Nec
748 1275 816 1354 pari
839 1275 929 1340 modo
952 1291 1076 1352 operam
1100 1271 1219 1333 dabant
1241 1291 1297 1334 nec
1317 1273 1356 1334 ad
1376 1274 1506 1334 eundem
1520 1290 1592 1352 gra-

337 1376 409 1436 dum
434 1374 615 1453 cognitionis
638 1382 853 1455 pervenerunt.
897 1375 944 1435 De
967 1372 1031 1434 solo
1054 1379 1158 1434 autam
1180 1372 1343 1435 Numitore
1366 1374 1404 1436 ob
1428 1393 1494 1436 eam
1520 1393 1594 1434 can-

337 1496 403 1538 sam
436 1475 540 1552 eodem
559 1477 701 1560 peruenit
722 1476 780 1560 (sc.
805 1495 863 1556 quo
888 1474 1093 1553 comparando
1117 1480 1253 1536 aetatem
1277 1493 1379 1536 eorum
1405 1483 1437 1538 et
1458 1474 1592 1537 indolem

336 1577 403 1657 ipse
421 1577 637 1661 pervenerat)
665 1597 724 1640 non
755 1578 832 1638 bene
855 1575 978 1647 dicitur,
1001 1575 1080 1654 quod
1104 1573 1291 1637 sciscitando
1314 1595 1373 1638 non
1396 1575 1427 1637 in
1452 1577 1592 1649 eandem,

338 1697 417 1758 quae
444 1677 547 1739 verbis
569 1677 631 1739 illia
654 1679 794 1760 tetigerat
817 1677 957 1738 unimam
980 1683 1053 1737 cett.
1076 1675 1168 1749 inest,
1191 1695 1276 1754 spem
1299 1676 1449 1739 incertam
1473 1676 1594 1750 recidit,

338 1779 391 1840 sed
415 1779 454 1841 ad
478 1779 646 1842 auctiorem
671 1781 826 1859 quandam
849 1777 991 1839 notitiam
1016 1776 1169 1837 adductus
1193 1784 1250 1838 est.
1293 1777 1363 1838 Non
1387 1796 1511 1857 possum
1534 1777 1594 1857 igi-

337 1888 389 1940 tur
417 1879 488 1960 quin
518 1878 659 1942 Strothio
689 1889 719 1940 et
747 1877 913 1958 Doeringio
935 1875 1094 1938 adsentiar
1117 1876 1222 1938 eodem
1243 1877 1328 1940 istud
1351 1878 1506 1958 »ineptam
1531 1879 1594 1940 lec-

338 1981 469 2042 tionem»
492 1980 732 2060 appellantibus.
776 1981 982 2042 Revertamur
1003 1977 1098 2056 igitur
1120 1979 1157 2037 ad
1183 1979 1388 2042 coniecturum
1412 1979 1498 2041 illam
1518 1979 1595 2041 Ore-

337 2080 434 2154 vierii,
471 2081 529 2142 nisi
564 2081 635 2161 quid
669 2082 752 2142 aliud
782 2080 883 2142 animo
907 2088 1058 2140 occurrat.
1102 2078 1180 2139 Mihi
1203 2079 1325 2160 quidem
1349 2081 1427 2142 satis
1449 2080 1593 2142 idoneum

337 2202 371 2244 eo
393 2181 525 2264 <leuique
547 2181 683 2257 videtum
709 2182 850 2261 cupierat
872 2179 951 2240 enim
975 2178 1120 2240 Numitor
1139 2179 1299 2242 certiorem
1315 2181 1519 2260 cognitionem
1535 2180 1594 2242 sibi

338 2301 527 2362 comparare,
550 2282 796 2363 sciscitandoque
819 2281 876 2344 hoc
899 2280 1039 2359 denique,
1063 2286 1098 2340 ut
1121 2299 1188 2341 eam
1213 2289 1460 2362 consequeretur,
1479 2281 1506 2344 ei
1521 2301 1594 2343 con-

337 2383 418 2464 tigit.
458 2383 505 2444 At
526 2383 618 2445 istam
644 2383 889 2445 emendationem
914 2400 982 2442 cum
1006 2379 1161 2442 codicibus
1185 2381 1285 2442 minus
1301 2382 1463 2444 convenire
1480 2383 1594 2444 dixerit

338 2483 501 2565 quispiam.
544 2485 596 2546 Ad
621 2504 709 2565 quem
734 2483 910 2563 scrupulum
935 2481 1039 2561 aliqua
1062 2499 1100 2541 ex
1123 2490 1212 2561 parte
1235 2482 1405 2544 tollendum
1429 2483 1507 2545 satis
1530 2485 1593 2546 for-

337 2592 422 2647 tasse
456 2586 516 2647 erit
548 2585 714 2658 monuisse,
747 2583 799 2646 ubi
827 2584 858 2645 in
883 2584 950 2644 cdd.
976 2588 1023 2644 est
1048 2582 1075 2653 l,
1098 2580 1149 2655 59,
1174 2583 1187 2642 l
1215 2603 1407 2664 quacumque
1430 2582 1541 2646 dultinc
1564 2584 1592 2646 vi

337 2685 463 2765 possim,
486 2686 676 2766 Madvigium
701 2704 893 2767 quacumque
920 2682 1051 2766 denique
1073 2682 1103 2743 vi
1126 2683 1239 2762 possim
1264 2683 1397 2746 scribere
1420 2704 1480 2746 non
1504 2685 1594 2746 dubi-

337 2787 465 2860 tavisse,
499 2787 636 2868 aliosque
670 2805 738 2848 eum
770 2793 893 2848 secutos
921 2803 997 2845 esse.
1041 2782 1152 2863 Itaque
1182 2791 1313 2864 apparet
1336 2786 1450 2846 multos
1471 2785 1503 2848 in
1528 2805 1594 2848 eam

338 2886 511 2967 opinionem
535 2888 690 2960 incidisse,
712 2887 789 2948 haec
811 2886 922 2946 verba:
946 2883 1063 2956 eodem,
1087 2903 1122 2945 eo
1144 2884 1214 2946 dein
1238 2886 1286 2948 vel
1310 2885 1431 2962 dehinc,
1453 2887 1594 2967 denique,

338 2989 420 3050 inter
452 3009 484 3050 se
519 2989 631 3051 mutari
665 2987 814 3068 potuisse.
859 2985 998 3056 Quarum
1027 2985 1289 3063 permutationum
1319 2987 1398 3048 ratio
1422 2988 1515 3068 digna
1538 2998 1595 3062 est,

340 3109 418 3171 quae
441 3089 580 3169 pluribus
603 3087 753 3168 exemplis
777 3087 962 3167 exploretur.

423 3186 453 3264 7,
476 3186 495 3251 7
526 3199 623 3252 morte
645 3188 788 3252 occubuit
811 3189 879 3249 cdd.
903 3187 971 3248 edd.
995 3184 1123 3264 Madvig
1147 3205 1217 3248 varo
1240 3197 1369 3250 mortam
1391 3188 1517 3270 scripsit
1540 3190 1596 3252 hoc

340 3291 439 3353 solum
467 3309 522 3371 pro
551 3291 670 3352 ratione
693 3288 875 3352 mutationis
899 3287 1044 3349 afferens:
1067 3285 1278 3368 »Wesenberg
1301 3290 1340 3350 ad
1365 3289 1427 3353 Cic.
1451 3290 1542 3352 Tusc.
1569 3291 1596 3365 1,

343 3393 437 3468 102»;
471 3393 510 3455 ad
545 3412 633 3471 quern
668 3392 767 3452 locum
786 3391 890 3452 ¹refert
918 3387 1066 3450 Kuehner
1152 3407 1221 3449 nam
1246 3389 1461 3472 Wesenbergii
1483 3391 1594 3454 librum

341 3512 401 3555 non
424 3493 487 3555 vidi
510 3529 551 3538 -
572 3493 757 3572 scripturam
782 3491 912 3552 alteram
935 3497 1032 3551 morte
1054 3487 1232 3552 occumbere
1253 3489 1296 3552 ibi
1310 3491 1496 3572 optimorum
1509 3494 1596 3555 codd.

341 3594 528 3656 auctoritate
551 3593 608 3655 niti
631 3601 725 3674 atque
748 3593 777 3653 in
803 3591 907 3654 multis
931 3591 999 3652 edd.
1019 3597 1096 3650 vett.
1116 3609 1193 3663 esse,
1209 3591 1465 3673 Wesenbergium
1481 3600 1597 3666 autern,

342 3695 414 3776 quia
446 3697 476 3756 iu
512 3693 696 3775 quibusdam
731 3693 975 3754 Tusculanarum
1009 3691 1089 3770 disp.
1124 3691 1279 3754 codicibus
1311 3702 1385 3756 nota
1414 3695 1537 3758 litterae
1566 3713 1595 3755 m

341 3795 466 3875 saepius
499 3795 614 3858 omissa
646 3795 698 3869 sit,
727 3795 793 3874 pari
822 3793 911 3854 modo
934 3791 991 3852 hoc
1013 3791 1081 3869 ipso
1104 3792 1168 3853 loco
1191 3792 1322 3856 Liviana
1345 3815 1374 3856 m
1398 3796 1490 3858 finale
1513 3795 1597 3857 exci-

342 3897 423 3958 disse
457 3906 577 3976 putare.
620 3895 755 3957 Fallitur
786 3894 833 3955 vir
862 3892 1059 3956 doctissimus
1089 3893 1126 3952 de
1149 3894 1237 3954 codd.
1260 3895 1409 3968 Liuianis,
1432 3897 1463 3958 in
1487 3897 1597 3977 quibus

343 3997 529 4059 contrarium
563 4015 688 4076 prorsus
721 3993 831 4057 vitium
865 3994 991 4074 vulgare
1024 4002 1080 4066 est,
1110 3993 1218 4055 addita
1247 4015 1283 4056 ea
1306 4006 1381 4059 nota
1403 3996 1597 4060 accusativos

342 4098 438 4160 falsos
465 4098 549 4179 fingi,
579 4117 670 4179 quam
693 4097 791 4177 ipsam
817 4113 941 4158 causam
966 4113 1033 4155 esse
1056 4093 1204 4174 suspicor,
1228 4117 1281 4158 cur
1303 4104 1335 4159 et
1357 4097 1407 4172 26,
1430 4098 1481 4172 25,
1505 4098 1545 4160 14
1567 4106 1599 4159 et

342 4199 393 4273 31,
418 4198 467 4274 18,
489 4197 508 4261 6
532 4206 563 4261 et
585 4199 636 4272 38,
658 4197 710 4273 58,
731 4196 751 4260 6
774 4217 847 4259 usus
862 4194 1032 4258 accusativi
1051 4195 1187 4256 codicum
1208 4217 1357 4260 consensu
1377 4199 1432 4261 niti
1445 4200 1598 4262 videatur.

342 4300 425 4364 Sunt
446 4320 518 4362 vero
542 4308 573 4362 et
596 4300 664 4373 loci,
687 4299 739 4360 ubi
762 4298 881 4360 codices
904 4296 988 4358 aliud
1007 4296 1170 4358 suadeant.
1205 4297 1431 4362 Gravissimum
1446 4298 1598 4362 esttesti·

343 4401 476 4464 monium
508 4401 660 4464 Puteanei
683 4398 734 4474 29,
761 4397 807 4474 18,
829 4398 849 4461 6
871 4396 998 4478 ignobili
1020 4403 1115 4477 atque
1137 4396 1302 4462 inhonesta
1324 4408 1422 4464 morte
1445 4400 1598 4473 occubuit,

343 4503 422 4584 quod
452 4502 585 4565 fideliter
613 4507 721 4564 tenent
748 4501 892 4572 editores,
920 4505 955 4559 ut
978 4497 1070 4558 etiam
1096 4517 1130 4560 eo
1154 4498 1229 4572 loco,
1253 4503 1290 4564 de
1313 4522 1372 4583 quo
1395 4521 1477 4564 nunc
1497 4501 1597 4582 ipsum

343 4603 484 4684 quaestio
516 4611 573 4675 est,
596 4622 701 4665 omues
724 4609 849 4682 praeter
869 4597 1060 4678 Madvigium
1086 4599 1241 4664 codicibus
1264 4605 1483 4666 convenienter
1504 4611 1601 4664 morte

343 4704 485 4766 occubuit
518 4704 666 4766 scribunt.
711 4703 879 4766 Praeterea
913 4701 1180 4764 commemoranda
1213 4712 1286 4766 sunt
1317 4705 1346 4779 3,
1374 4705 1425 4777 50,
1453 4703 1474 4766 8
1503 4710 1600 4766 morte

343 4805 522 4868 occubuisse
544 4806 616 4880 MP,
638 4804 669 4878 8,
695 4805 742 4880 10,
765 4804 784 4866 4
808 4810 905 4866 morte
918 4801 1109 4864 occubantis
1131 4802 1257 4880 MOFP,
1277 4813 1375 4870 morte
1390 4803 1601 4870 occumbentis
