3584 5632
381 638 420 693 66
665 635 865 708 Spilegomena
886 635 922 692 ud
945 635 976 691 T.
1000 634 1072 691 Livii
1094 635 1197 692 librum
1220 635 1352 705 primum.

382 810 583 890 archetypum
608 808 721 870 referre
743 807 811 886 ipss
834 807 1004 870 existimat.
1050 806 1141 878 Quod
1164 807 1296 889 deniqne
1319 809 1358 870 ad
1381 805 1642 889 significationem

381 909 556 992 praesentis
590 917 622 971 et
653 909 828 989 imperfecti
861 909 977 988 passivi
1006 908 1132 982 attinet,
1160 916 1286 972 constat
1308 927 1391 971 esse
1414 917 1447 970 et
1468 908 1561 970 fieri
1583 927 1642 972 no·

380 1012 481 1075 dones
514 1017 580 1073 tam
613 1009 763 1072 finitimas
796 1011 927 1072 alteram
958 1009 1048 1072 alteri
1076 1029 1154 1084 esse,
1177 1017 1212 1072 ut
1234 1010 1316 1072 inter
1337 1029 1371 1072 se
1395 1017 1641 1072 commutentur:

381 1111 545 1187 29,10‚1
581 1112 705 1173 litterae
737 1111 868 1174 Romam
901 1111 1028 1184 allatae,
1057 1111 1227 1174 exereitum
1251 1111 1338 1192 gravi
1360 1111 1466 1174 morbo
1490 1110 1643 1184 affectari,

381 1215 401 1276 i.
425 1233 451 1275 o.
474 1213 654 1275 affectatum
679 1231 755 1274 esse.
785 1211 865 1274 Plin.
888 1211 927 1273 N.
952 1212 993 1274 H.
1026 1210 1076 1286 36,
1099 1211 1129 1285 5,
1151 1213 1192 1275 30
1214 1212 1408 1274 Mausoleum
1433 1211 1567 1292 cingitur
1589 1230 1643 1274 eo-

381 1314 495 1376 lumuis
517 1313 646 1394 triginta
668 1332 732 1376 sex.
775 1313 860 1374 Idem
884 1313 935 1374 hic
956 1313 1041 1374 valet
1065 1312 1196 1394 ungitur
1219 1319 1313 1394 atque
1336 1313 1469 1376 cinctum
1494 1320 1551 1374 est.
1576 1312 1641 1375 (lic.

381 1415 472 1478 Vorr.
498 1414 529 1489 4,
552 1413 592 1476 55
618 1413 666 1474 his
694 1414 812 1476 tabulis
838 1413 1000 1478 interiores
1028 1413 1137 1494 templi
1165 1413 1301 1494 parietes
1322 1413 1547 1486 vestiebantur,
1570 1413 1591 1475 i.
1615 1434 1642 1476 e.

381 1515 489 1579 vestiti
512 1522 609 1577 erant.
653 1514 774 1577 Deletis
796 1533 868 1576 vero
891 1515 1018 1576 vocibus
1040 1515 1130 1596 iuuqe'
1152 1521 1184 1576 et
1206 1524 1240 1576 ut
1263 1515 1425 1597 celataque
1448 1533 1522 1576 vera
1540 1513 1644 1594 scrip-

382 1617 466 1679 tione
488 1616 620 1678 Medicei
643 1616 673 1677 in
697 1616 779 1678 huno
801 1616 924 1677 modum
947 1616 1076 1696 Madvig
1098 1615 1268 1678 orationem
1292 1614 1373 1678 Livii
1389 1614 1643 1678 transformavit:

382 1724 432 1780 »et
459 1737 493 1780 ee
520 1716 636 1780 rectius
664 1716 790 1779 viduam
819 1724 852 1778 et
878 1716 964 1778 illum
994 1715 1144 1778 caelibem
1173 1717 1311 1780 futurum
1335 1715 1431 1778 fuisse
1454 1735 1547 1798 quam
1571 1735 1642 1780 oum

381 1818 503 1898 impari.
546 1817 637 1880 Nune
660 1818 937 1899 elanguescendum
961 1817 1064 1879 aliena
1083 1817 1209 1898 ignavia
1231 1836 1324 1880 essee.
1368 1815 1453 1887 Quid
1475 1835 1547 1880 vero
1570 1824 1646 1896 post

381 1919 463 1982 banc
497 1919 699 1981 mutationem
735 1926 800 1980 tam
834 1918 1001 1980 violentem
1030 1919 1062 1980 in
1091 1918 1230 1980 oratioue
1252 1919 1388 1998 abrupta
1406 1919 1447 1980 ad
1469 1919 1565 1980 verba
1587 1917 1645 1980 illa

382 2041 453 2082 cum
479 2020 600 2104 impari
626 2018 832 2100 supplendum
862 2027 1012 2092 censerat,
1044 2039 1101 2080 nec
1126 2019 1193 2098 lpse
1216 2018 1322 2084 docuit
1343 2039 1400 2082 nec
1422 2019 1476 2081 alii
1498 2019 1643 2100 cuiquam

382 2129 418 2183 ut
440 2140 521 2183 nova
542 2120 720 2183 coniectura
741 2121 964 2200 adsequeretur
986 2120 1125 2201 contigit.

465 2219 517 2295 46,
539 2218 560 2283 9
587 2222 714 2283 Arruns
739 2222 770 2282 in
799 2221 857 2282 hoc
885 2227 1033 2283 contextu
1060 2222 1210 2284 sermonis
1233 2242 1252 2282 a
1274 2220 1363 2283 Livio
1385 2221 1479 2284 scribi
1502 2240 1562 2282 non
1585 2238 1643 2299 po-

383 2323 461 2398 tuit;
496 2319 688 2384 considerate
716 2321 811 2402 igitur
839 2341 877 2383 ex
900 2321 1076 2384 coniectura
1097 2322 1199 2385 Fulvii
1222 2322 1329 2385 Ursini
1351 2322 1391 2383 ab
1414 2321 1557 2384 omnibus
1580 2321 1644 2383 fere

384 2425 517 2504 probata
556 2421 679 2485 Lucius
712 2423 917 2484 substitutum
952 2431 1001 2484 est
1034 2443 1053 2484 a
1080 2423 1223 2486 Bekkeru
1257 2423 1388 2504 aliisque
1422 2421 1643 2502 compluribus.

384 2524 522 2606 eogitari
545 2524 666 2605 quidem
690 2531 796 2604 potest
818 2524 938 2604 aliquot
958 2524 1055 2585 verba
1073 2524 1224 2586 excidisse
1243 2525 1274 2586 iu
1290 2524 1491 2587 describendo
1506 2521 1644 2586 transitu

384 2627 468 2688 facto
495 2645 534 2688 ex
562 2624 684 2687 nomine
712 2624 860 2687 Arruntis
883 2623 1043 2706 Tarquinii
1066 2626 1097 2687 in
1120 2645 1229 2688 nomen
1254 2625 1342 2687 Lucii
1365 2624 1526 2705 Tarquinii
1549 2624 1643 2704 paulo

383 2734 456 2807 post
477 2745 620 2808 sequens,
642 2726 729 2788 velut
751 2725 776 2787 si
800 2725 910 2806 positis
933 2725 1107 2789 nominibus
1130 2725 1252 2788 Arruns
1274 2726 1461 2807 Tarquinius
1485 2731 1517 2788 et
1540 2725 1644 2788 Tullia

384 2827 482 2891 maior
508 2828 624 2889 dictum
653 2827 747 2889 fuerit
774 2826 890 2907 aliquid
916 2827 947 2888 in
971 2829 1100 2890 eandem
1123 2828 1311 2890 sententiam
1335 2835 1430 2908 atque
1452 2826 1540 2902 haec,
1564 2845 1642 2908 quae

384 2930 423 2991 ds
445 2929 553 2992 eadem
576 2949 609 2990 re
631 2935 740 2990 narrat
761 2927 928 3008 Dionysius
951 2926 998 3008 (4,
1020 2929 1076 3009 30)
1101 2924 1139 2992 ori
1160 2928 1283 2992 πολλοῦ
1304 2926 1382 3006 μετὰ
1404 2932 1503 2990 ταῦτα
1525 2923 1643 3008 χρόνου

383 3040 448 3103 τοῖς
475 3026 581 3103 αὐτοῖς
609 3025 754 3092 addicar
781 3024 1057 3110 ἀποθνήσκουσιν,
1085 3032 1134 3093 vel
1161 3032 1254 3111 paulo
1278 3031 1379 3105 aliter,
1402 3049 1473 3092 nam
1497 3051 1570 3093 mox
1592 3051 1642 3093 se-

385 3133 490 3214 quitur
511 3133 550 3194 de
572 3141 711 3213 tempore
733 3149 845 3212 »prope
868 3130 1056 3194 continuatis
1078 3132 1254 3194 funeribus»
1261 3152 1270 3209 ;
1293 3133 1331 3194 de
1350 3151 1409 3213 quo
1427 3132 1641 3212 supplemento

384 3233 461 3295 nibil
483 3253 538 3316 pro
562 3240 645 3296 certo
668 3232 766 3295 statui
789 3239 904 3312 potest.
943 3233 1045 3313 Magis
1068 3235 1205 3296 adducor
1226 3241 1262 3295 ut
1285 3234 1407 3296 credam
1431 3241 1552 3295 mature
1576 3233 1642 3295 fac-

384 3342 450 3396 tum
486 3334 656 3416 configendi
686 3351 833 3396 conamen
862 3334 947 3395 scioli
978 3334 1159 3414 cuiuspiam,
1182 3334 1234 3415 qui
1257 3333 1416 3416 putaverit
1438 3335 1562 3398 domum
1586 3353 1641 3396 va-

386 3453 473 3498 cuam
506 3455 585 3497 novo
616 3434 811 3497 matrimonio
841 3437 943 3497 fauere
966 3454 1046 3509 eum,
1069 3435 1121 3518 qui
1143 3435 1359 3511 interficiatur,
1385 3435 1643 3517 insequentibus

385 3555 457 3598 vero
488 3535 641 3597 invenerit
662 3535 791 3598 Lucium
815 3555 876 3597 uon
900 3555 967 3597 esse
988 3536 1199 3609 interfectum,
1222 3536 1327 3598 Tullia
1351 3543 1455 3598 nutem
1478 3535 1645 3598 interfecta

385 3645 457 3700 utra
479 3637 601 3710 fuisset,
623 3653 732 3717 parum
757 3636 954 3717 quaesiverit.
999 3636 1150 3700 Similiter
1172 3636 1357 3700 locutionem
1379 3637 1465 3699 illam
1488 3637 1644 3718 iuterpre-

385 3744 473 3799 tatus
505 3737 680 3800 Sabellicus
717 3733 822 3799 Tullia
849 3738 953 3800 maior
980 3738 1174 3800 scribendum
1199 3737 1400 3800 existimavit.
1445 3736 1494 3801 Ob
1516 3738 1548 3800 id
1571 3756 1643 3800 vero

386 3838 467 3920 quod
500 3839 640 3919 sequitur
673 3838 847 3922 torquetur
878 3827 999 3922 nuptiis
1030 3839 1185 3901 scribatur
1217 3857 1341 3902 necesse
1370 3846 1419 3902 est
1444 3839 1588 3902 Lucius
1614 3847 1646 3902 et
1760 3841 1768 3878 ι’

386 3939 489 4002 Tullia
517 3939 653 4014 minor,
681 3939 733 4020 qui
762 3939 856 4001 etiam
880 3947 915 4000 ut
938 3939 1099 4020 coniugum
1121 3939 1337 4004 interfectores
1360 3958 1397 4002 ex
1421 3939 1575 4003 communi
1598 3941 1645 4002 lo·

386 4039 499 4121 quendi
534 4059 616 4102 more
649 4048 733 4102 reate
767 4040 912 4102 dicuntur
939 4041 1045 4102 domos
1067 4059 1183 4103 vacuas
1206 4059 1284 4102 novo
1307 4039 1503 4104 matrimonio
1526 4040 1645 4104 fecisse.

386 4140 436 4204 Of.
459 4140 523 4204 cic.
547 4141 617 4204 Ost.
643 4142 671 4214 l,
692 4139 723 4214 6,
749 4140 787 4202 14
808 4140 916 4220 Nuper
939 4159 1006 4204 cum
1030 4147 1128 4204 morte
1151 4141 1316 4221 superioris
1340 4141 1444 4204 uxoris
1463 4139 1645 4224 novisnup-
1766 4217 1767 4238 ,

385 4241 439 4304 tiis
473 4243 596 4306 domum
630 4242 868 4314 vacuefecisses,
901 4261 1001 4304 nonno
1036 4243 1129 4305 etiam
1161 4243 1222 4306 alio
1250 4241 1423 4305 incredibili
1451 4242 1567 4306 scelere
1589 4241 1647 4304 boc

386 4343 487 4404 scelus
517 4341 704 4406 cumulasti?
734 4342 812 4406 Sall.
835 4343 905 4406 Cat.
932 4342 970 4405 lb
992 4343 1128 4406 ereditur
1150 4351 1259 4407 necato
1282 4343 1344 4406 tilio
1367 4362 1498 4406 vacuam
1521 4344 1646 4406 domum

386 4443 527 4506 scelestis
560 4443 677 4524 nuptiis
711 4443 830 4506 fecisse.
874 4444 948 4506 Val.
975 4445 1062 4506 Max.
1089 4443 1173 4520 9,1,
1201 4451 1264 4508 ext.
1294 4444 1437 4524 bipsam
1460 4443 1589 4518 dimisit,
1613 4450 1648 4505 ut

386 4563 517 4607 vacuum
542 4545 640 4607 locum
664 4545 782 4626 nuptiis
804 4545 926 4625 puellae
949 4547 1076 4607 faceret.

469 4643 563 4720 48,s
591 4646 657 4708 ium
689 4647 784 4709 etiam
816 4647 888 4730 ipsu
921 4646 1000 4718 cdd,
1031 4653 1184 4728 quotquot
1211 4646 1302 4727 plene
1325 4644 1395 4728 legi,
1419 4646 1488 4708 edd.
1511 4646 1540 4706 ³.
1563 4645 1645 4726 Meg.

386 4746 486 4808 Deest
517 4746 611 4808 otiam
643 4747 675 4810 in
705 4748 752 4810 ed.
784 4749 810 4809 l.
838 4747 912 4810 Ald.
941 4747 1032 4808 Frob.
1060 4746 1149 4821 15³1,
1171 4747 1367 4810 inserendum
1391 4746 1506 4808 diserte
1529 4744 1647 4808 monuit

386 4845 568 4922 Rhenanus,
590 4848 771 4912 inserebant
792 4855 969 4928 sequentes,
992 4847 1103 4910 iterum
1127 4847 1219 4911 eiecit
1239 4845 1475 4922 Drakenborch,
1498 4847 1572 4929 quia
1593 4847 1648 4910 de·
