3574 5632
347 635 546 715 Epilegomena
569 638 604 698 ad
627 643 659 698 1¹.
682 639 753 700 Livii
776 637 877 699 librum
902 635 1060 698 vicesimum
1084 635 1215 713 primunt.
1375 633 1411 696 13

159 815 219 878 bus
241 816 383 878 secundis
407 825 551 896 expertos
574 815 700 876 1511555
722 815 868 878 attimar
890 816 1050 897 mitigasse
1072 816 1169 878 videri
1197 822 1338 896 poterat,
1362 813 1413 888 29,

162 913 212 988 19,
236 913 275 977 12
298 935 395 997 aeque
418 916 553 998 segniter
575 915 709 978 molliter
732 916 887 979 cohortem
910 924 1009 978 totam
1034 917 1258 998 Syracusarum
1275 915 1413 978 amoeni-

160 1023 229 1078 tate
251 1016 322 1090 frui,
344 1018 395 1089 21,
418 1017 468 1091 34,
491 1016 511 1079 6
533 1015 667 1096 undique
701 1035 739 1078 ex
771 1017 892 1079 insidiis
924 1017 1049 1079 barbari
1082 1037 1102 1079 a
1134 1018 1236 1079 fronte
1264 1017 1304 1078 ab
1326 1025 1413 1096 tergo

161 1117 258 1179 coorti
281 1117 450 1180 comminus
474 1119 592 1180 eminus
615 1125 736 1196 petunt.
781 1117 838 1179 His
861 1126 966 1180 autem
990 1118 1064 1180 loeis
1078 1117 1150 1180 biua
1162 1117 1362 1179 substantiva
1380 1117 1412 1178 15

164 1219 231 1280 odd.
254 1228 329 1280 suut
350 1226 534 1300 aggregata:
557 1218 587 1292 4,
610 1218 640 1291 3,
665 1218 703 1278 12
726 1217 793 1281 Ser.
817 1219 951 1280 Tullium
976 1218 1327 1299 posthunc..ingenio,
1349 1217 1413 1278 vir-

161 1327 231 1381 tute
258 1338 384 1399 regnum
417 1319 565 1392 tenuisse,
597 1317 628 1392 9,
651 1319 701 1392 25,
724 1319 743 1380 5
765 1320 887 1381 1155551
909 1340 981 1382 5555
1005 1365 1011 1380 .
1036 1367 1043 1382 .
1067 1337 1121 1400 pro
1144 1319 1235 1381 victis
1257 1319 1413 1380 Romanos

160 1419 318 1493 habuisse,
350 1421 523 1493 iuventute,
556 1420 650 1481 armis
678 1419 851 1482 Samnitem
879 1420 1004 1495 iuvisse,
1027 1422 1057 1495 3,
1079 1419 1129 1493 68,
1152 1421 1173 1482 4
1195 1419 1317 1482 axillis
1340 1438 1413 1481 555-

159 1521 297 1583 tionibus
319 1540 486 1603 numquam
510 1527 646 1583 vestrum
670 1521 830 1602 quisquam
855 1541 898 1594 re,
922 1523 1047 1584 fortuna
1069 1523 1191 1583 domum
1205 1521 1325 1582 auctior
1342 1521 1414 1582 red·

160 1622 209 1696 iit,
241 1623 293 1695 21,
315 1621 366 1694 38,
387 1620 408 1684 9
430 1622 560 1696 Seduni,
593 1621 735 1702 Veragri,
758 1619 809 1694 27,
831 1620 861 1696 9,
884 1622 1078 1684 2155115551
1102 1640 1215 1685 555515
1239 1621 1414 1693 dilectibus,

161 1723 325 1802 stipendiis
358 1742 391 1785 55
420 1722 589 1784 exhaustos
612 1742 690 1794 esse,
712 1722 763 1796 28,
789 1723 836 1795 13,
859 1723 878 1784 5
901 1742 1081 1803 progressus
1104 1724 1185 1785 omni
1209 1722 1346 1784 exercitu
1369 1721 1415 1782 ci-

160 1824 256 1898 vium,
289 1824 450 1897 sociorum,
483 1824 534 1896 32,
556 1824 587 1895 3,
608 1822 628 1884 5
651 1824 808 1886 5551115155
834 1824 894 1885 1515
924 1844 957 1885 se
985 1824 1100 1897 labore,
1123 1843 1225 1904 opere,
1247 1817 1299 1897 37,
1321 1822 1371 1897 25,
1394 1820 1414 1883 6

161 1924 352 2004 Philippum,
381 1923 495 1986 Nabim
520 1931 729 2004 expugnatam
763 1945 796 1985 se
819 1925 945 1986 tertium
969 1925 1044 2004 peti,
1066 1925 1118 1998 44,
1140 1924 1291 1998 22,81n
1315 1922 1414 1985 omni-

161 2027 220 2088 bus
243 2025 364 2088 circulis
386 2031 470 2098 sunt,
504 2025 555 2106 qui
578 2025 689 2098 sciant,
718 2043 796 2105 quae
820 2026 888 2088 loca
909 2025 1073 2106 praesidiis
1096 2027 1277 2106 occupanda
1300 2071 1306 2085 .
1331 2070 1337 2085 .
1362 2023 1414 2085 ubi

161 2127 272 2189 horrea
294 2127 447 2206 ponenda,
470 2145 532 2206 qua
553 2133 648 2199 terra,
667 2126 743 2188 mari
767 2125 980 2188 subvehantur
1003 2135 1203 2189 commeatus.
1237 2127 1324 2187 Haec
1338 2124 1414 2186 sub-

161 2228 368 2290 stantivorum
392 2227 544 2307 exempla,
568 2233 603 2287 ut
624 2227 654 2288 iu
680 2227 835 2288 codicibus
858 2236 941 2301 sunt,
967 2227 1012 2290 sic
1034 2228 1116 2308 apud
1146 2227 1336 2308 Madvigium
1365 2225 1415 2286 in-

161 2328 319 2403 venimus;
343 2347 421 2408 quae
445 2334 626 2408 sequuntur,
649 2348 708 2389 non
731 2328 822 2389 item:
846 2329 897 2400 21,
919 2327 970 2402 46,
992 2328 1013 2390 4
1034 2328 1157 2390 1555555
1180 2336 1229 2389 151
1246 2327 1414 2399 1155115515,

162 2449 308 2510 equorum
342 2429 443 2490 oriem
476 2429 588 2508 pulsis,
621 2429 745 2501 22,13,
771 2430 784 2489 1
809 2429 914 2490 irritat
941 2429 1034 2490 etiarn
1058 2430 1096 2490 de
1119 2429 1273 2490 industria
1295 2429 1415 2500 ducem,

162 2531 188 2592 si
212 2531 292 2592 forte
314 2547 477 2592 accensum
500 2536 549 2590 tot
570 2529 820 2609 indignitatibus,
844 2530 984 2591 cladibus
1007 2529 1156 2592 sociorum
1188 2529 1351 2591 detrahere
1375 2529 1414 2590 ad

162 2651 293 2713 aequum
329 2639 484 2692 certamen
519 2630 627 2709 possit.
678 2633 728 2704 22,
751 2628 801 2703 29,
827 2631 862 2691 11
888 2650 952 2703 vos,
976 2631 1101 2704 milites,
1124 2650 1186 2704 eos,
1209 2649 1337 2711 quorum
1360 2648 1415 2690 vos

163 2734 253 2794 modo
287 2751 383 2805 arma,
418 2732 564 2794 dexterae
594 2737 750 2806 texerunt,
774 2739 921 2810 patronos
944 2731 1135 2805 salutabitis,
1157 2733 1208 2804 22,
1231 2731 1281 2804 61,
1304 2732 1324 2792 3
1347 2749 1414 2792 5515

163 2834 282 2914 magnis
315 2833 450 2906 fletibus,
483 2832 645 2913 questibus
679 2832 798 2913 legatos
832 2833 871 2893 ad
900 2840 1022 2912 portam
1052 2833 1207 2912 prosecuti
1230 2842 1312 2894 sunt.
1356 2831 1414 2893 His

162 2940 311 3016 quattuor
334 2933 407 2996 locis
430 2933 558 3012 Madvig
580 2933 629 2994 vel
653 2953 689 2994 aa
712 2933 760 2994 vel
780 2954 838 3017 que
860 2933 958 3007 addit,
981 2934 1053 2995 dum
1072 2935 1111 2995 ad
1128 2933 1279 2995 editiones
1293 2941 1415 2996 veteres

163 3043 220 3098 aut
242 3036 362 3097 codices
385 3034 570 3097 recentiores
593 3034 721 3114 relegat.
766 3035 885 3096 Probat
910 3035 957 3108 10,
979 3034 1010 3108 4,
1033 3037 1163 3108 251515,
1186 3034 1296 3096 151515
1313 3053 1415 3095 515155

163 3144 311 3217 congesta
333 3134 389 3219 (51.
402 3137 453 3209 30,
467 3135 548 3207 11,4
571 3154 675 3216 55555,
699 3154 796 3208 51515,
817 3136 883 3197 1515
905 3134 1043 3218 dividit),
1066 3135 1223 3214 improbat
1238 3143 1342 3198 autem
1358 3135 1416 3196 hoo

162 3236 326 3310 36,18,1
352 3236 531 3317 priusquam
567 3255 694 3316 corpora
727 3244 881 3308 curarent,
916 3255 1012 3309 arma,
1046 3235 1111 3297 tela
1139 3236 1415 3316 551551155111511
1521 3267 1527 3286 =

163 3348 191 3400 51
213 3335 296 3412 telo).
340 3338 392 3401 Ad
426 3337 508 3398 hunc
541 3337 672 3417 denique
707 3337 816 3410 locum,
851 3358 866 3399 e
895 3355 953 3417 quo
983 3337 1097 3417 egressi
1125 3357 1241 3410 sumus,
1263 3335 1415 3416 Madvigii

163 3439 240 3501 haec
263 3446 312 3500 est
334 3437 510 3501 adnotatio:
533 3439 585 3499 »In
609 3437 764 3518 plerisque
787 3457 890 3500 eorum
914 3437 1134 3517 exemplorum,
1157 3457 1236 3518 quae
1254 3437 1416 3499 Weissen-

164 3541 239 3602 born
264 3539 401 3620 congerit
422 3538 597 3601 huiusmodi
620 3538 773 3619 asyndeti,
797 3539 882 3600 nulla
901 3538 1023 3599 omuino
1047 3539 1112 3600 eius
1135 3557 1229 3600 causa
1248 3537 1416 3619 excogitari

165 3648 280 3720 potest,
303 3661 359 3702 uec
381 3640 431 3702 hio
454 3639 518 3702 ulla
541 3647 589 3700 est
611 3639 760 3702 orationis
783 3640 958 3702 concitatae
979 3639 1055 3712 vis»,
1098 3639 1147 3700 Ex
1168 3639 1217 3714 115,
1238 3622 1320 3720 5555
1343 3657 1418 3701 555-

165 3750 305 3822 gesserat
326 3741 428 3814 wsb,
451 3759 546 3820 supra
568 3740 667 3802 511515
689 3747 763 3801 5551
783 3741 814 3815 4,
837 3743 856 3802 3
878 3739 1009 3822 ingenio,
1034 3740 1159 3814 virtute,
1182 3741 1212 3813 3,
1234 3739 1330 3813 6815,
1353 3741 1417 3802 151-

165 3851 252 3915 1555,
275 3835 326 3916 27,
348 3841 369 3903 9
391 3842 566 3914 dilectibus,
589 3841 762 3921 stipendiis,
785 3844 835 3914 32,
858 3843 877 3903 3
900 3841 1016 3914 1511515,
1038 3860 1141 3920 opere,
1164 3835 1214 3915 37,
1237 3841 1277 3902 25
1295 3840 1417 3920 Philip-

165 3963 248 4024 pum,
281 3943 394 4004 Nabim
403 3963 411 4018 3
446 3962 524 4023 quae
558 3943 711 4023 asyndeta
743 3942 773 4003 15
807 3942 957 4022 Madvigii
986 3941 1121 4003 editione
1149 3950 1323 4016 servantur,
1357 3942 1416 4004 5151

164 4063 267 4107 551515
291 4043 344 4106 vix
367 4044 431 4106 ulla
453 4062 528 4123 prae
551 4044 662 4105 ceteris
685 4063 779 4106 causa
801 4043 965 4124 singularis
979 4042 1148 4123 excogitari
1163 4050 1278 4123 potest.
1308 4042 1417 4106 Oratio

165 4146 286 4226 quidem
312 4145 469 4207 concitata
491 4145 611 4206 duobus
633 4144 808 4206 nominibus
830 4146 924 4206 verbo
947 4143 1099 4206 communi
1123 4163 1182 4205 non
1206 4143 1297 4206 155115
1320 4144 1417 4206 511151-

164 4254 223 4308 151.
269 4246 363 4323 Apud
397 4245 564 4308 Gaesarem
598 4264 701 4325 saepe,
736 4253 771 4306 51
793 4265 888 4325 supra
907 4245 1020 4318 155551,
1050 4244 1123 4306 bina
1145 4245 1240 4306 verba
1263 4265 1329 4307 eam
1354 4245 1414 4306 vim

163 4347 290 4419 habeut,
315 4353 349 4408 ut
370 4347 399 4408 b.
422 4346 462 4409 G.
488 4347 515 4419 1,
538 4347 579 4407 22
602 4346 707 4425 copias
729 4347 760 4407 15
786 4345 894 4408 collem
917 4346 1073 4419 subducit,
1106 4345 1202 4407 aciem
1226 4346 1363 4421 instruit,
1386 4347 1416 4418 3,

163 4448 183 4509 4
205 4449 311 4510 hostes
334 4448 421 4528 signo
445 4449 518 4510 dato
541 4449 712 4521 decurrere,
736 4447 856 4527 lapides
877 4448 909 4508 in
925 4447 1040 4509 vallum
1057 4445 1216 4520 coniicere,
1231 4447 1261 4522 5,
1276 4448 1311 4508 31
1333 4446 1417 4509 055-

164 4550 300 4629 surgitur
323 4569 361 4610 ex
384 4547 520 4621 consilio,
544 4548 807 4628 comprehendunt
830 4556 994 4628 utrumque
1017 4554 1049 4608 et
1071 4556 1172 4621 51551,
1194 4548 1224 4620 5,
1247 4546 1287 4609 39
1309 4547 1415 4610 Ν55111

164 4649 305 4712 celeriter
337 4651 377 4712 ad
404 4669 491 4712 arma
519 4658 714 4722 concurrunt,
737 4650 853 4711 vallum
877 4649 1096 4721 conscendunt,
1119 4648 1149 4721 5,
1171 4649 1212 4709 40
1234 4657 1340 4710 castra
1361 4667 1418 4728 op-

163 4759 315 4832 pugnant,
338 4752 452 4813 fossam
477 4751 642 4830 complent.
687 4751 782 4813 Cuius
810 4751 929 4831 generis
953 4747 1051 4812 multa
1073 4757 1156 4810 sunt.
1200 4749 1311 4830 Itaque
1334 4749 1419 4810 nulla

162 4852 275 4914 idonea
309 4870 404 4913 causa
437 4852 537 4914 allata
568 4871 636 4913 esse
669 4851 802 4926 videtur,
836 4871 890 4913 cur
919 4851 1029 4931 copula
1057 4849 1202 4912 addenda
1223 4849 1271 4911 his
1293 4857 1419 4931 praeter
