3574 5632
350 635 550 714 amaeam
571 637 608 700 ar
629 635 661 699 n.
686 637 758 700 orer
780 636 883 700 reema
906 635 1067 698 eleanam
1088 635 1217 714 paam.
1374 639 1412 697 rr

136 829 231 876 nere
267 832 322 893 per
356 813 457 895 Alpes
489 815 635 880 instituto
667 817 786 880 Romae
809 815 986 880 nuntiatum
1008 825 1067 889 est,
1089 815 1214 878 litterae
1236 815 1278 878 ab
1300 823 1413 878 senatu

138 913 195 974 de
230 914 366 976 mansitu
398 914 430 978 in
465 915 591 980 Italiam
624 917 812 980 Hannibalis
834 919 874 979 ad
897 915 1111 997 Sempronium
1135 915 1248 978 missae
1270 923 1354 990 sunt,
1376 923 1413 979 nt

137 1013 258 1092 primo
290 1034 412 1096 quoqne
444 1024 583 1097 tempore
616 1018 752 1098 collegae
783 1019 879 1080 ferret
900 1017 1050 1080 auxilinm
1071 1015 1114 1100 (c.
1136 1015 1188 1090 51,
1209 1017 1256 1095 5).
1299 1017 1413 1098 ltaque

143 1113 265 1194 Scipio
288 1116 327 1180 ad
350 1116 496 1180 Trebiam
519 1117 736 1198 Sempronium
757 1119 811 1180 din
833 1117 1063 1200 opperiebatur,
1085 1115 1171 1179 cuins
1185 1116 1321 1197 legiones
1333 1137 1413 1198 qne-

144 1215 304 1295 draginta
326 1217 488 1280 continuos
511 1218 577 1282 dies
599 1218 831 1292 iterfecerunt,
854 1227 890 1281 nt
911 1217 1086 1282 Ariminum
1109 1217 1307 1296 pervenirent
1328 1217 1412 1300 (Pol.

146 1316 190 1396 3,
224 1315 290 1399 68).
346 1315 565 1388 Querebantur
600 1319 743 1393 Romani,
780 1320 894 1382 damna
924 1319 1045 1383 damnis
1082 1317 1265 1392 continuari,
1287 1318 1410 1400 plegem

149 1425 320 1496 acceptam
355 1418 450 1480 etiam
485 1421 657 1499 graviorem
685 1428 824 1483 secutam
847 1440 926 1494 esse,
947 1440 997 1484 res
1018 1420 1050 1482 in
1073 1418 1161 1499 peius
1183 1425 1278 1500 atque
1300 1420 1340 1482 ad
1362 1419 1413 1482 in-

148 1517 286 1580 teritum
318 1538 422 1581 ruere:
451 1520 490 1582 ad
514 1520 656 1584 Ticinum
679 1520 854 1602 Scipionem
878 1521 993 1584 victum
1017 1539 1095 1594 esse,
1118 1519 1327 1601 arcessitoque
1348 1521 1411 1582 iam

150 1618 257 1682 altero
291 1619 415 1682 consule
448 1621 489 1684 ad
524 1640 592 1684 eam
615 1623 720 1686 sedem
748 1621 832 1696 belli,
854 1630 1018 1703 postquam
1042 1627 1171 1701 uterque
1193 1620 1295 1682 victus
1317 1630 1411 1695 esset,

152 1737 249 1798 quem
283 1719 377 1784 alium
410 1721 519 1784 ducem
550 1741 628 1796 ease,
651 1722 702 1804 qni
725 1722 921 1786 arcessatur?
943 1742 1020 1803 qnae
1043 1721 1122 1783 alias
1145 1720 1281 1802 legiones
1303 1740 1409 1784 arces-

152 1819 271 1885 sendas
304 1820 444 1884 restare?
491 1821 665 1903 Sequentes
687 1823 829 1897 ablativi,
851 1823 971 1886 duobos
992 1819 1171 1886 consulibus
1193 1829 1262 1887 oet..
1284 1841 1411 1902 praece·

155 1920 305 1984 dentibus
338 1917 515 1996 ἀσυνδέτους
547 1923 658 2004 positis
691 1925 894 1988 communiter
916 1924 1118 1988 deliniuntur:
1141 1923 1180 1984 of.
1204 1922 1294 1985 ans.
1317 1924 1346 1984 b.
1369 1923 1410 1986 G.

154 2021 187 2093 2,
217 2021 254 2082 ll
285 2023 432 2088 exaudito
455 2023 588 2088 clamore
611 2024 802 2104 perturbatis
823 2025 992 2099 ordinibus,
1013 2026 1044 2099 2,
1066 2021 1107 2086 26
1129 2023 1246 2104 proelio
1267 2024 1412 2086 nuntiato

157 2139 249 2184 cursu
276 2122 417 2198 incitato,
445 2125 475 2199 3,
499 2126 514 2186 l
540 2125 678 2188 castellis
700 2125 886 2206 expugnatis
909 2126 1011 2188 missis
1033 2124 1155 2206 legatis.
1198 2125 1269 2187 Non
1292 2125 1411 2187 coordi-

157 2229 282 2297 nantur,
318 2225 408 2305 quasi
440 2233 505 2288 tres
533 2226 597 2288 sint
619 2225 825 2289 calamitates.
869 2227 978 2308 Neque
999 2225 1095 2306 igitur
1115 2243 1340 2305 supervacuum
1363 2234 1413 2288 est

156 2324 298 2402 superius
320 2324 396 2390 illud
419 2347 481 2390 uno
502 2361 544 2374 —-
565 2327 646 2389 ricto
668 2347 767 2408 neque
789 2327 829 2389 ad
852 2326 883 2390 id
905 2327 1015 2400 solnm,
1038 2327 1118 2408 quod
1141 2325 1290 2406 sequitur,
1313 2323 1411 2390 altero

156 2459 198 2470 -
226 2435 379 2500 revocato,
411 2427 608 2502 trahendum,
641 2429 695 2490 sed
729 2447 798 2491 cum
832 2428 1034 2508 sequentibus
1068 2446 1132 2490 une
1151 2427 1307 2508 iungenda
1328 2436 1412 2490 sunt.

156 2525 225 2588 Hoc
260 2526 388 2590 dicitur:
424 2528 526 2608 priore
559 2528 646 2592 clade
679 2536 810 2608 accepta
841 2547 928 2608 spem
961 2528 1162 2609 superfuisse,
1190 2526 1291 2590 altera
1313 2545 1410 2609 eaque

158 2626 273 2706 duplici
306 2647 366 2692 non
399 2628 486 2691 item.
539 2629 675 2692 Videtur
706 2629 795 2692 Livio
817 2628 868 2692 hic
889 2629 975 2692 locus
996 2628 1119 2711 Polybii
1142 2629 1180 2690 de
1202 2646 1257 2708 spe
1280 2627 1413 2707 pristina

158 2725 343 2792 obversatus
375 2749 442 2792 esse
475 2731 516 2814 (c.
539 2729 591 2803 68,
612 2728 633 2792 9
654 2732 733 2814 sq.):
758 2724 799 2791 Oi
820 2728 849 2792 δ’
870 2729 906 2794 ἐν
927 2725 1093 2818 officim
1116 2729 1410 2812 προσπεπτωκότων

155 2829 220 2892 coir
252 2825 334 2891 uacci
372 2827 428 2912 τὴν
461 2826 676 2912 ἲππσμαχὶοιν,
712 2827 888 2907 ἐξενίζονοο
909 2835 968 2912 μὲν
990 2833 1035 2914 aqi
1055 2829 1090 2894 cd
1113 2827 1305 2915 συμβεβηκὸς
1326 2831 1412 2896 εὖνοι

158 2926 251 3014 παρὰ
271 2928 329 3014 σὴν
350 2931 558 3014 προσδοκίαν·
581 2925 620 2996 eri
640 2929 703 3016 pqr
725 2927 867 3018 ἠπόρουν
887 2956 924 3012 re
944 2933 1105 3020 σκήψεων,
1128 2929 1209 3015 πρὸς
1230 2929 1264 2998 οδ
1285 2931 1328 3016 μή
1350 2934 1408 2998 do·

157 3041 226 3096 erro
257 3028 365 3106 αὐτοῖς
400 3029 495 3117 ἦτρον
526 3035 611 3100 εἶναι
643 3032 679 3098 od
709 3035 986 3115 paraverant.
1030 3036 1098 3098 Iam
1119 3054 1192 3098 vero
1215 3036 1304 3117 longe
1327 3036 1408 3100 alius

157 3142 227 3198 erat
247 3143 351 3198 status
373 3137 562 3218 reipublicae
583 3137 781 3219 omniumque
802 3157 904 3200 rernm
925 3137 1112 3218 desperatio.

239 3230 292 3310 57,
326 3238 347 3300 4
379 3236 422 3300 Id
444 3238 538 3322 qaod,
561 3257 628 3301 cnm
652 3239 692 3300 ad
709 3238 910 3319 parenthesin
933 3237 1100 3319 pertineat,
1122 3256 1183 3300 non
1205 3244 1289 3300 recte
1312 3257 1411 3300 ennu-

156 3337 269 3400 tietsm
303 3337 438 3418 incipere
471 3339 534 3402 iem
569 3339 623 3400 din
657 3339 851 3420 intelligitur.
895 3339 1062 3401 Arbitratn
1085 3357 1140 3401 sno
1163 3337 1290 3417 Madvig
1312 3357 1410 3418 nuper

159 3436 203 3512 Is,
235 3438 320 3522 qaod
352 3440 486 3519 scripsit.
540 3439 588 3501 At
609 3439 690 3502 male
713 3439 880 3502 cohaerent
900 3439 978 3502 ista:
1001 3439 1070 3501 «Ita
1091 3437 1209 3502 territis
1230 3436 1410 3518 Semproius

157 3540 262 3602 consul
295 3540 433 3614 advenit,
464 3540 583 3620 ingenti
615 3541 751 3621 periculo
787 3577 820 3588 —
846 3548 1067 3621 transgressus.
1111 3540 1143 3600 ls
1165 3539 1257 3600 -in
1281 3538 1411 3602 hiberna

157 3639 276 3702 rediit».
333 3640 514 3704 consultius
546 3639 676 3714 iaciunt,
709 3641 761 3722 qni
785 3641 903 3704 monitu
924 3640 1073 3704 Friderici
1096 3639 1206 3702 Haasii
1229 3639 1268 3700 ad
1291 3640 1410 3702 scholia

156 3739 284 3822 Reisigii
317 3741 332 3824 i
368 3739 430 3804 206
452 3762 482 3804 u.
504 3739 567 3804 364
588 3749 660 3821 post
682 3741 808 3804 advenit
828 3749 977 3821 punctum
999 3749 1129 3821 ponunt,
1150 3740 1279 3803 incisum
1304 3751 1408 3804 autem

156 3849 230 3904 ante
263 3843 299 3904 id
330 3842 423 3925 qaod,
451 3843 498 3904 ita
519 3849 555 3904 nt
577 3843 693 3904 additis
714 3843 776 3904 illis
798 3843 937 3923 «Ingenti
960 3841 1095 3921 periculo
1117 3877 1159 3888 -
1179 3848 1408 3922 transgressus»

155 3942 274 4005 reditus
307 3943 482 4023 Sempronii
515 3944 718 4017 describatur,
751 3951 783 4006 et
816 3953 1027 4026 transgressas
1048 3942 1129 4004 idem
1151 3942 1194 4004 sit
1216 3943 1296 4023 qnod
1319 3951 1409 4023 post·

157 4063 248 4124 quam
271 4044 377 4106 hostes
399 4044 548 4124 pervasit.

238 4139 291 4220 57,
322 4145 344 4207 5
375 4155 470 4212 et.at
503 4165 640 4228 quaeqae
667 4145 710 4208 iia
731 4145 814 4226 apud
837 4144 927 4208 st.
950 4145 1055 4226 legens
1077 4163 1175 4225 neque
1199 4163 1237 4206 ex
1259 4143 1286 4204 P
1309 4162 1408 4224 neque

155 4265 194 4306 ex
217 4245 242 4308 Ο
265 4247 361 4308 ullam
384 4245 598 4308 diversitatem
621 4245 793 4326 scripturae
815 4247 974 4308 adnotavi.
1017 4266 1063 4329 eq.
1084 4244 1134 4308 leis
1158 4246 1185 4307 l.
1208 4254 1236 4306 ct
1258 4265 1337 4327 qaae
1359 4243 1408 4306 lis

154 4347 185 4408 3.
207 4347 290 4428 Mog.
313 4346 387 4408 Ald.
409 4348 502 4410 Frob.
525 4345 617 4409 Grut.
640 4357 668 4410 cl
690 4367 753 4430 quc
774 4345 823 4409 bc'e
845 4347 941 4410 Gron.
963 4347 1061 4408 Drak.

239 4442 290 4524 57,
323 4446 343 4510 6
376 4447 442 4510 σίνε
474 4445 593 4510 σσοοοίίί
625 4447 832 4532 oppapncredi
858 4468 912 4531 cpe
932 4447 1004 4510 inde
1027 4447 1067 4508 ab
1089 4445 1314 4527 antiquissimis
1335 4446 1406 4508 edd.

156 4550 325 4611 secundnm
348 4548 468 4611 codices
490 4549 639 4628 scriptum
662 4550 774 4622 fuerat,
797 4567 864 4610 cum
888 4548 952 4610 Iac.
973 4547 1154 4610 Perizonius
1175 4545 1245 4629 (qui
1267 4555 1409 4608 mortuns

156 4656 205 4711 est
237 4669 287 4711 an.
323 4644 419 4732 1715)
441 4649 519 4711 haec
540 4650 676 4711 notavit:
698 4649 821 4711 «Facile
843 4649 916 4730 quid
939 4655 1145 4729 oppugnatur,
1167 4648 1222 4708 aad
1245 4667 1407 4728 expugna·

155 4751 200 4812 tio
232 4758 385 4830 speratur.
441 4750 553 4830 Itaque
586 4751 669 4832 leges
701 4750 914 4834 erpcqoaadc',
940 4750 968 4811 si
991 4749 1063 4831 qnid
1085 4748 1166 4810 ratio
1186 4747 1218 4809 in
1240 4749 1289 4810 his
1311 4747 1407 4821 valet,

155 4858 212 4913 ant
244 4852 431 4931 exemplum,
464 4870 523 4932 quo
556 4851 609 4913 lib.
636 4851 688 4926 40,
710 4852 748 4914 31
773 4851 887 4914 ibidem
909 4850 1049 4912 restituit
1070 4845 1088 4911 ὁ
1111 4848 1198 4913 πάνυ
1220 4848 1405 4924 Gronovius,
