3584 5632
492 578 692 652 llpilepomeua
713 581 748 636 ad
771 579 803 634 Τ.
828 578 901 634 Livii
924 579 1026 634 librum
1049 581 1179 650 primum.
1427 581 1465 636 55

176 769 291 814 anno
317 749 459 832 prodigia
486 750 586 814 multa
614 752 755 826 luerunt3
776 751 894 814 recedit
916 771 988 814 vern
1011 751 1171 832 paululum
1194 749 1282 824 illud,
1305 752 1386 834 quod
1409 753 1467 815 ad-

183 852 304 925 ditur,
337 852 405 916 visu
438 860 613 934 eventuque
646 851 798 916 mirabile.
826 853 896 915 oisc
918 860 967 914 est
990 851 1083 915 etiam
1107 851 1138 914 iu
1162 851 1230 914 edd.
1253 852 1346 914 Frob.
1368 852 1467 916 Drak.

189 951 299 1016 (brev.
333 953 464 1035 aliisque
497 953 734 1035 antiquioribus,
767 955 867 1016 cisum
899 954 930 1016 in
963 954 989 1014 1.
1018 953 1046 1013 3.
1076 953 1159 1034 Mog.
1182 953 1255 1016 Sob.
1279 953 1316 1016 In
1338 954 1467 1034 proclivi

189 1051 267 1116 fuit
290 1055 473 1135 coniungere
495 1054 667 1136 prodigium
691 1054 800 1118 visum.

291 1153 342 1230 39,
364 1156 385 1216 3
417 1153 517 1220 Viden
544 1164 588 1229 to,
618 1163 741 1220 remota
767 1155 935 1236 scriptione
969 1153 1099 1218 Videsne
1128 1164 1171 1228 ιιι,
1200 1175 1292 1238 qnam
1316 1155 1355 1217 ab
1378 1155 1466 1218 initio

195 1273 314 1318 omnes
337 1256 405 1320 edd.
428 1265 640 1330 servaverant,
667 1256 784 1337 primus
806 1256 837 1320 in
860 1257 1031 1319 orationem
1054 1256 1171 1336 recepit
1193 1255 1368 1320 Gronovius
1390 1255 1468 1320 haec

198 1355 377 1422 adnotans:
401 1358 499 1420 »Flos
530 1356 628 1420 Videre
651 1368 837 1442 topicorum
860 1351 962 1420 bunc?
985 1357 1130 1420 Alterum
1153 1357 1351 1420 subiecerunt
1369 1357 1468 1420 inter-

203 1463 326 1534 pretes.
366 1460 454 1522 lnsra
485 1459 543 1522 hoo
575 1459 654 1522 libro
686 1457 778 1523 Sutia
811 1453 925 1522 solvo?
958 1459 1010 1520 lib.
1033 1460 1063 1520 2.
1086 1456 1178 1520 Satio
1201 1479 1348 1542 mapsam
1371 1459 1468 1544 spreti

205 1557 351 1620 numicis
369 1559 493 1624 baberet
514 1555 722 1624 marcedonii»
755 1561 952 1642 Recepsrunt
974 1559 1122 1624 Gronovii
1146 1558 1310 1622 lectionem
1332 1579 1468 1641 sequen-

206 1666 262 1720 tes
294 1661 437 1738 apposita
468 1670 540 1743 post
567 1683 586 1722 n
614 1661 803 1742 apostropbo
831 1659 1036 1742 aplerisque.
1081 1660 1158 1722 Cum
1182 1660 1361 1724 Florentino
1384 1663 1467 1740 apud

209 1759 398 1824 Gronoviurn
421 1770 506 1826 utare
528 1762 615 1825 Laid.
639 1764 664 1824 1.
687 1763 733 1824 ait
753 1761 989 1835 Drakenborch,
1011 1762 1113 1842 pergit
1133 1760 1260 1824 Alsoh.:
1287 1761 1395 1824 »viden
1419 1770 1470 1823 tu.-

210 1861 246 1922 Μ
270 1879 309 1922 ιιι.
332 1862 361 1924 2.
384 1861 468 1927 Laid.
490 1865 516 1926 1.
538 1863 632 1926 uldin
655 1874 705 1926 ta:
726 1865 760 1925 M
783 1884 823 1926 m.
849 1864 875 1924 1.
898 1862 1023 1925 uidisse
1036 1883 1190 1946 parrum:
1212 1863 1247 1924 P.
1263 1882 1303 1925 m.
1322 1863 1348 1924 1.
1362 1861 1468 1924 uides-
1509 1941 1512 1948 Ι

209 1981 250 2023 ιιι
269 1982 419 2046 puerum:
438 1967 464 2028 P
486 1985 526 2028 ru.
548 1967 595 2028 2».
628 1965 716 2028 Leid.
742 1965 769 2026 1.
792 1965 967 2028 accuratius
989 1963 1198 2044 inspiciendus
1221 1969 1280 2037 est,
1302 1983 1374 2026 narn
1393 1983 1467 2026 con-

210 2062 328 2126 sentire
350 2064 431 2126 solet
452 2086 518 2130 cum
540 2067 610 2140 RD,
633 2067 684 2147 qni
706 2066 824 2129 babent
846 2065 956 2127 aidica
978 2075 1021 2138 ta,
1040 2085 1119 2146 qnae
1134 2064 1204 2144 ipsa
1219 2073 1267 2128 est
1280 2084 1355 2128 vera
1368 2065 1468 2146 scrip-

209 2171 284 2225 tura
316 2165 448 2228 Medicei
475 2165 550 2250 (nisi
579 2169 659 2249 qnod
686 2167 783 2230 habet
805 2169 868 2248 ιι);
898 2167 978 2248 fugit
1000 2167 1079 2230 enim
1104 2165 1337 2228 Alschefskium
1360 2187 1375 2228 ι
1396 2173 1469 2246 post

211 2264 305 2326 aridia
326 2267 462 2330 radendo
485 2270 617 2332 deletum
642 2289 726 2344 essc;
750 2269 830 2349 quod
853 2267 921 2350 quis
944 2267 1052 2330 feccrit
1074 2266 1268 2349 alterumque
1290 2267 1302 2328 i
1324 2266 1355 2328 in
1369 2289 1384 2331 e
1400 2287 1468 2330 mu-

211 2367 339 2440 taverit,
360 2367 499 2448 ignotum
521 2378 585 2446 est;
607 2371 634 2434 si
656 2370 794 2450 vulgaris
815 2368 871 2431 illa
892 2388 932 2430 ιιι.
954 2370 984 2430 2.
999 2367 1052 2442 sit,
1067 2367 1223 2430 arbitratu
1237 2367 1335 2450 ipsius
1349 2369 1466 2431 luctum

211 2487 281 2532 esso
308 2475 394 2548 puto.
439 2467 622 2546 Gronovius,
651 2471 701 2553 qui
724 2471 806 2534 hunc
829 2470 963 2533 codicem
986 2469 1199 2532 Florentinum
1224 2468 1375 2548 appellat,
1398 2489 1468 2532 mu-

212 2576 313 2632 tatam
329 2569 528 2649 ,scripturam
556 2591 608 2652 pro
631 2573 740 2634 nativa
762 2578 934 2651 acceperat.
978 2569 1182 2650 lndiligenter
1203 2569 1312 2632 Alsch.
1335 2571 1361 2632 P
1385 2591 1415 2632 m
1441 2571 1468 2632 1.

211 2669 376 2746 describit3
410 2689 481 2734 nam
510 2672 542 2734 in
564 2673 663 2753 prima
684 2673 840 2753 scriptura
862 2672 978 2734 exitum
1002 2671 1100 2734 habet
1121 2689 1229 2734 versus
1250 2670 1282 2732 in
1306 2671 1396 2744 midi,
1419 2671 1468 2734 in-

212 2770 289 2851 cipit
310 2791 443 2853 sequeus
464 2759 484 2834 a
499 2793 645 2857 puerum,
668 2773 832 2856 utrobique
853 2771 909 2857 (ex
932 2792 1015 2836 more
1037 2771 1120 2834 illius
1143 2770 1277 2856 librarii)
1294 2772 1404 2838 relicta
1421 2773 1469 2834 la-

213 2891 303 2946 cuna,
335 2872 366 2934 in
401 2893 463 2955 qua
495 2875 581 2938 nulla
614 2876 747 2938 cernitur
774 2894 894 2948 rasura,
924 2875 979 2938 sed
1002 2873 1073 2935 uidi
1094 2873 1125 2934 in
1147 2872 1222 2936 cido
1243 2873 1379 2936 mutavit
1401 2881 1470 2938 ιιι

212 2973 334 3036 addidit
362 2993 401 3036 ιιι.
424 2976 465 3048 2.,
498 2977 667 3057 eademqne
699 2978 740 3040 ad
769 2976 891 3039 initium
920 2995 1027 3038 versus
1055 2973 1187 3054 proximi
1210 2995 1247 3036 ιιι
1269 2974 1417 3054 apposuit
1438 2973 1468 3038 in

212 3075 334 3148 lacuna,
366 3095 428 3156 qua
449 3077 572 3140 domum
595 3078 681 3140 iacta
703 3077 874 3140 mutatione
900 3079 922 3138 l'
945 3095 1013 3138 cum
1037 3075 1148 3138 ceteris
1170 3075 1373 3156 transalpinis
1396 3096 1470 3138 con·

212 3175 305 3256 grnit,
328 3176 381 3258 qui
403 3196 421 3238 a
442 3177 570 3259 reliquis
592 3179 733 3242 omnibus
756 3198 791 3242 eo
814 3177 970 3250 differunt,
993 3178 1074 3259 quod
1097 3175 1276 3256 pronomine
1299 3185 1333 3238 ιιι
1353 3185 1469 3240 carent.

213 3277 332 3340 Contra
353 3277 385 3340 in
408 3278 566 3360 cisalpinis
589 3279 726 3360 antiquis
747 3301 762 3340 ι
784 3279 892 3342 elisum
917 3287 966 3340 est
988 3286 1020 3341 et
1042 3277 1113 3340 uidi
1135 3276 1286 3356 scriptum
1309 3297 1363 3358 pro
1386 3277 1470 3352 uide,

213 3379 294 3460 quod
322 3385 427 3442 tamen
456 3379 488 3442 in
512 3381 546 3442 M
569 3389 601 3442 et
621 3380 652 3442 D
674 3381 812 3443 restitnit
834 3399 874 3440 m.
896 3381 926 3440 2.
970 3379 1016 3442 Ut
1038 3377 1124 3440 brevi
1146 3377 1335 3458 praecidam,
1357 3378 1384 3440 si
1406 3378 1471 3461 pri-

214 3479 343 3542 mariam
377 3480 595 3562 cisalpinorum
630 3481 825 3563 antiquorum
854 3480 1016 3544 lectionem
1040 3479 1127 3561 sequi
1150 3479 1416 3559 oportebatque
1438 3489 1472 3542 ta

209 3601 345 3664 pirorum
375 3582 571 3646 scribendum
600 3583 668 3655 erit,
691 3583 717 3646 si
740 3581 1012 3662 transalpinornm,
1035 3579 1162 3642 uidesne
1178 3601 1326 3664 puerum,
1348 3580 1375 3644 si
1397 3581 1471 3644 reli-

214 3701 343 3763 quorum
375 3683 523 3757 omniurn,
554 3684 681 3746 uidesne
714 3693 748 3745 ιιι
775 3704 921 3767 parram,
955 3683 1036 3763 quod
1064 3681 1165 3762 ipsum
1194 3681 1319 3744 videsue
1341 3692 1374 3744 to
1397 3681 1472 3745 alibi

214 3783 298 3862 apud
319 3783 441 3846 Livium
464 3785 627 3864 reperitur,
651 3805 722 3848 nam
745 3783 774 3858 6,
797 3782 849 3857 29,
873 3785 886 3844 1
913 3791 944 3846 ιι
966 3777 996 3858 7,
1018 3782 1069 3856 34,
1092 3782 1112 3844 4
1134 3781 1178 3844 sio
1196 3782 1473 3864 legiturconsensn

214 3883 363 3959 codicum,
392 3905 429 3946 ne
453 3885 608 3948 Gronovio
632 3887 754 3968 qnidam
778 3885 983 3948 contendente
1006 3881 1173 3946 subiecisse
1196 3883 1253 3946 boc
1275 3884 1473 3964 interpretes,

215 3985 394 4048 declarante
416 3993 522 4049 antem
545 4006 600 4050 suo
624 4006 706 4049 more
729 3985 982 4049 Drakenborchio
1006 3984 1099 4046 »nihil
1118 3985 1330 4048 mutandum».
1364 3985 1473 4066 Neque

215 4105 253 4148 ex
281 4085 351 4150 aliis
380 4107 488 4167 prosae
518 4087 666 4150 orationis
695 4087 908 4168 scriptoribus,
937 4088 1018 4168 quod
1041 4086 1148 4160 sciam,
1172 4085 1229 4148 loci
1251 4085 1366 4166 prolati
1389 4092 1473 4158 suut,

216 4187 267 4249 ubi
296 4187 327 4250 in
354 4188 407 4252 illo
436 4189 530 4251 verbo
553 4189 630 4252 elisa
652 4197 736 4252 esset
758 4189 864 4251 littera
885 4208 900 4248 s
924 4196 955 4250 et
977 4187 1093 4250 vocalis
1116 4185 1289 4267 particulae
1313 4185 1473 4250 encliticae

215 4289 340 4352 omissa.
373 4291 485 4371 ltaque
507 4290 715 4374 aequabilitas
738 4291 873 4352 locorum
895 4287 1095 4352 Livianorum
1115 4307 1175 4350 non
1197 4287 1264 4350 sine
1282 4287 1366 4352 iusta
1380 4307 1475 4350 causa

216 4389 364 4453 tollenda.
408 4390 553 4472 Analoga
582 4392 705 4473 quidem
734 4390 878 4470 exempla
906 4391 1009 4452 adfert
1032 4387 1207 4453 Gronovius
1229 4389 1313 4452 satin
1335 4389 1422 4450 salve
1446 4389 1475 4461 1,

216 4489 266 4565 58,
289 4484 308 4552 7
332 4499 364 4554 ct
386 4491 469 4554 satin
492 4511 636 4573 magnam
661 4501 719 4555 cet.
741 4495 772 4566 2,
795 4491 847 4565 36,
867 4491 898 4566 4,
921 4491 1008 4552 cuius
1030 4489 1151 4570 generis
1174 4498 1248 4552 sunt
1263 4490 1367 4571 plura:
1391 4489 1474 4550 satin

216 4593 302 4654 salve
325 4593 355 4667 3,
377 4591 429 4666 26,
450 4591 480 4654 9.
503 4593 534 4667 6,
555 4595 607 4667 34,
628 4593 657 4659 8.
683 4593 731 4667 10,
756 4593 805 4666 18,
830 4593 877 4654 11.
900 4592 951 4666 40,
973 4591 1004 4665 8,
1025 4593 1056 4666 2,
1079 4591 1161 4654 satin
1181 4611 1279 4674 aequo
1299 4591 1401 4654 animo
1417 4609 1475 4671 pa-

216 4700 356 4756 terentur
381 4695 428 4767 10,
450 4695 502 4770 41,
527 4695 574 4758 13.
618 4696 749 4758 Poterat
777 4695 871 4756 etiam
902 4693 994 4754 aliam
1026 4692 1287 4772 comparationem
1312 4691 1475 4756 adhibere:

217 4803 264 4856 est
287 4794 367 4858 enirn
391 4796 475 4875 apud
498 4795 620 4858 Livium
646 4797 695 4872 10,
716 4797 768 4870 25,
791 4795 810 4858 6
833 4793 912 4857 »Ain
935 4793 1084 4858 tandem?
1105 4791 1326 4877 (anintandem
1351 4793 1404 4882 P),
1427 4793 1477 4857 in-
