3584 5632
465 651 666 722 llpilegomena
687 653 722 707 ad
745 651 777 706 Τ.
802 653 874 708 bivii
897 652 1000 708 librum
1024 653 1153 722 primum.
1401 653 1437 708 81

152 821 267 903 aquis
296 822 399 885 ierom
420 825 446 885 F
468 825 580 886 Bamb.
604 845 634 905 p,
656 824 831 907 quiaiercnt
853 825 879 885 P
902 821 955 906 (ιιι
977 843 1071 885 unum
1094 843 1262 905 verumque
1284 823 1443 908 verbnm),

153 921 229 983 uie
252 923 355 984 ierom
377 925 555 1007 (uisierant,
579 925 636 988 uisi
660 929 765 1006 eraut)
786 925 815 987 U
838 925 973 986 Helmst.
992 925 1080 987 Harl.
1101 925 1126 986 Ι.
1145 925 1296 988 Eiusiedl.
1331 926 1366 988 Si
1389 947 1442 988 co-

72 1104 77 1109 ·
157 1023 331 1102 pulantur
352 1025 429 1088 baec
451 1045 518 1088 cum
543 1027 592 1100 iis,
619 1046 698 1108 quae
721 1045 904 1106 praegressa
927 1045 993 1087 esse
1017 1035 1151 1099 constat,
1173 1027 1253 1088 banc
1276 1027 1385 1089 faciem
1410 1027 1441 1090 in

161 1132 325 1186 coartata
347 1126 503 1206 scriptura
525 1129 549 1188 F
569 1129 680 1189 Bamb.
700 1128 925 1207 praebuerunt:
949 1126 1371 1210 quiquecumccequielercat,
1389 1136 1441 1190 at·

163 1243 239 1304 que
270 1226 301 1286 in
332 1227 504 1290 uncialibus
528 1229 641 1291 litteris
665 1241 822 1296 domums,
846 1228 926 1307 quod
949 1242 1095 1290 EOEOU1s
1119 1248 1186 1290 esse
1209 1227 1384 1302 videbatur,
1407 1249 1443 1291 o-

165 1325 325 1388 missione
349 1328 493 1390 similium
517 1330 690 1392 litterarum
714 1329 746 1390 in
768 1343 868 1390 notus
884 1329 958 1410 (aut
976 1349 1037 1390 una
1051 1328 1157 1391 littera
1171 1329 1286 1391 omissa
1299 1331 1441 1414 nocuis)

170 1427 271 1500 abiit,
294 1429 333 1488 cf.
357 1428 425 1490 Liv.
449 1430 517 1492 libr.
540 1431 566 1491 Ι.
589 1433 654 1493 dec.
678 1430 862 1492 emendandi
884 1429 965 1491 ratio
987 1449 1017 1508 p.
1045 1429 1091 1491 19.
1125 1431 1179 1493 Sic
1201 1430 1349 1510 explicari
1370 1441 1443 1511 pot·

169 1537 231 1589 est
263 1529 419 1608 scriptura
452 1531 564 1594 codicis
598 1531 628 1595 U
663 1531 854 1611 aliorumque
893 1530 1167 1610 transalpiuorum,
1205 1532 1316 1612 quibus
1348 1533 1440 1614 vulgo

172 1628 283 1690 minus
317 1630 508 1694 confidimus.
551 1634 669 1695 Horum
701 1639 805 1694 autern
834 1631 969 1710 ipsorum
993 1632 1149 1711 scriptura
1171 1632 1329 1714 Madvigio
1351 1652 1380 1694 v.
1405 1634 1442 1696 cl.

172 1729 270 1790 unice
303 1751 378 1792 vera
411 1733 479 1794 visa
512 1741 569 1794 est.
614 1734 795 1813 Scripturae
829 1740 933 1793 autern
963 1732 1047 1794 illius
1074 1733 1161 1815 equis
1183 1733 1286 1794 ierant
1308 1734 1439 1813 primam

172 1829 261 1892 hanc
294 1831 390 1894 fuisse
421 1835 550 1895 formam
580 1835 710 1915 »quique
733 1853 800 1896 cum
825 1833 929 1913 equis»
952 1852 1103 1912 apparere
1126 1834 1287 1896 contendit
1309 1854 1347 1896 ex
1369 1836 1442 1910 ML,

176 1930 294 2011 quibus
315 1932 375 1995 RD
399 1953 564 2015 congruere
586 1935 648 1996 iam
673 1942 806 1996 constat.
850 1935 884 1994 M
906 1934 957 1994 uei
978 1944 1067 1995 mont
1089 1934 1204 1997 babere
1226 1936 1326 1998 nescit
1348 1934 1442 2019 (quo-

179 2050 250 2094 cum
274 2033 420 2096 cohaeret
441 2035 472 2097 iu
495 2036 526 2096 A
550 2035 602 2097 ubi
625 2034 740 2119 erant).
785 2036 851 2096 Hos
874 2045 990 2108 auteur,
1015 2042 1049 2096 ut
1064 2036 1249 2115 scripturam
1266 2045 1440 2100 coartatam

178 2132 292 2194 iterum
325 2135 519 2216 effingamus,
542 2137 724 2199 mutationis
747 2138 861 2216 gradus
884 2135 1069 2216 cogitavisse
1092 2137 1229 2199 videtur:
1253 2134 1287 2220 l)
1311 2139 1443 2222 quique-

180 2235 453 2311 cumcouisa'araat,
483 2236 519 2322 2)
542 2237 919 2321 quiqucoamequc'uicraat
946 2236 1087 2320 (alittera
1109 2259 1128 2320 q
1150 2257 1204 2317 pro
1227 2259 1248 2299 ιι
1270 2239 1389 2318 scripta
1411 2249 1443 2302 et

122 2398 129 2406 ,
180 2335 292 2396 ceteris
315 2337 396 2398 male
418 2337 568 2418 divisisu),
591 2337 626 2422 3)
650 2339 1248 2422 quiqucoumacquiqueoumcquiaicraat
1259 2337 1442 2420 (adscriptis

181 2436 285 2497 verbis
318 2438 413 2500 semel
445 2439 618 2502 mutatione
647 2440 737 2501 unius
760 2440 884 2500 litterae
907 2437 1065 2521 perditis),
1087 2438 1123 2523 4)
1146 2441 1441 2524 quiquccumcoqai·

180 2538 699 2621 quacumcquiaobierontuiet'craat
726 2539 795 2623 (eut
824 2541 915 2620 l'ugae
938 2539 1122 2620 significatio
1146 2549 1240 2616 esset,
1263 2561 1317 2620 pro
1339 2543 1442 2604 ιἰνιιιιι

179 2637 331 2717 scriptum
366 2640 551 2724 odiernum).
596 2641 667 2712 Qua
698 2642 730 2704 in
758 2660 791 2702 re
814 2642 998 2702 monendum
1023 2649 1081 2714 est,
1103 2642 1140 2715 si,
1163 2633 1244 2722 quod
1268 2643 1442 2706 mutatione

179 2738 268 2800 facta
300 2740 357 2802 tali
390 2743 481 2805 modo
515 2743 682 2814 exstiterit,
716 2743 829 2804 lectum
858 2742 899 2803 sit
921 2742 1023 2804 ieram
1046 2750 1078 2804 et
1100 2761 1154 2822 pro
1177 2763 1211 2805 eo
1235 2743 1440 2808 substitutum

181 2838 334 2915 obierant,
368 2843 485 2904 nullam
520 2863 645 2906 oausam
680 2844 776 2905 fuisse
805 2850 968 2923 praeterea
994 2843 1059 2904 uisi
1086 2854 1185 2917 crant,
1208 2846 1289 2926 quod
1311 2845 1358 2906 ita
1381 2866 1440 2908 nou

181 2941 335 3004 adfuisset
363 2943 488 3024 legenti,
518 2945 691 3007 adiicieudi.
735 2945 845 3024 Neque
868 2953 933 3005 tum
958 2944 1048 3006 facile
1071 2945 1267 3025 perspicitur,
1290 2948 1441 3027 quomodo

180 3042 299 3104 factum
333 3043 384 3117 sit,
419 3053 463 3120 ut,
497 3045 522 3108 si
550 3045 736 3126 transalpini
770 3045 864 3106 semel
895 3063 999 3106 veram
1029 3043 1214 3126 scripturam
1238 3047 1313 3130 (visi
1335 3047 1442 3132 eraut)

181 3143 266 3204 nacti
290 3154 405 3220 essent,
428 3166 465 3208 ea
486 3146 517 3208 in
541 3147 657 3227 optimo
680 3167 799 3227 quoque
822 3146 905 3208 illius
928 3147 1048 3226 generis
1071 3148 1303 3227 depravaretur,
1322 3157 1355 3210 et
1372 3149 1442 3230 qui·

181 3243 249 3304 doru
273 3244 304 3306 in
328 3247 415 3328 cquis
437 3247 539 3309 ierant
561 3255 745 3320 verteretur,
768 3248 857 3308 salva
880 3257 1075 3326 permaneret
1091 3246 1122 3309 in
1138 3233 1275 3329 reliquis.
1309 3249 1356 3311 De
1372 3251 1441 3312 cdd.

180 3363 253 3406 vero
276 3347 377 3408 multa
398 3349 556 3429 Madvigiu
580 3357 635 3410 aut
657 3368 716 3410 non
736 3348 860 3428 cognita
876 3355 932 3409 aut
948 3348 1307 3412 falsotraditaluerunt.
1337 3349 1438 3421 Quam

180 3447 306 3508 tandem
331 3456 493 3511 assecutus
517 3457 565 3512 est
587 3451 783 3528 scripturam,
807 3468 886 3523 eam,
908 3449 934 3509 si
955 3456 1037 3511 recte
1056 3457 1226 3524 enarretur,
1245 3451 1439 3530 aptissimam

181 3565 249 3608 esse
282 3555 391 3627 putat:
425 3549 665 3630 »Significantur
699 3550 828 3631 equites,
858 3549 909 3629 qui
933 3569 966 3610 se
989 3549 1077 3612 initio
1100 3571 1166 3612 curu
1190 3550 1323 3613 Romulo
1345 3553 1441 3616 oculis

181 3647 380 3711 Fidenatium
414 3651 471 3712 soli
504 3651 693 3726 obtulerant,
728 3657 837 3730 portae
871 3651 1099 3730 obequitantes,
1131 3652 1231 3732 magis
1253 3672 1345 3733 quam
1370 3673 1441 3717 vere

182 3759 424 3829 pugnaverant».
468 3753 555 3814 Haec
583 3753 708 3814 veroin
732 3753 909 3814 narratione
932 3750 1013 3812 Livii
1036 3761 1123 3813 sunt:
1146 3753 1297 3815 Romulus
1320 3773 1440 3817 omnem

181 3849 354 3930 equitatum
389 3859 421 3914 et
454 3853 592 3934 peditum
628 3861 747 3933 partem
784 3853 929 3914 maiorem
964 3850 995 3935 (d
1019 3846 1054 3934 7)
1089 3854 1128 3914 ad
1157 3855 1261 3916 urbem
1292 3855 1442 3930 admovit,

180 3949 269 4014 hoste
301 3952 403 4015 excito
426 3955 560 4034 equestri
583 3974 688 4035 pugna
711 3973 765 4034 per
787 3954 919 4032 speciem
946 3953 1110 4015 commissa
1131 3955 1226 4034 pedes
1249 3975 1369 4036 quoque
1390 3976 1442 4019 re-

181 4051 255 4113 tulit
277 4055 417 4132 gradum,
441 4055 540 4135 plenis
562 4063 691 4136 repente
713 4055 811 4134 portis
835 4055 922 4116 effusi
945 4054 1051 4116 hostes
1068 4055 1204 4135 impulsa
1221 4056 1441 4120 Romanaaoie

181 4153 255 4233 luga
277 4154 426 4216 simulata
448 4158 594 4219 cedentes
616 4156 773 4218 Romanos
797 4155 910 4216 acriter
931 4155 1064 4218 insecuti
1086 4164 1169 4218 sunt.
1203 4155 1293 4219 Adeo
1309 4159 1441 4239 etequi-

180 4261 228 4316 tes
258 4262 290 4316 et
312 4255 434 4336 pedites
456 4258 588 4320 Romulo
611 4259 689 4319 duce
712 4275 780 4319 cum
803 4256 1009 4318 Fidenatibus
1032 4275 1127 4336 prope
1150 4265 1257 4337 portas
1279 4277 1441 4338 pugnave-

180 4365 261 4429 rant,
285 4358 343 4418 etsi
367 4357 515 4420 simulata
538 4377 650 4439 pugna.
684 4359 856 4437 Postquam
880 4376 952 4418 vero
974 4357 1052 4419 haec
1074 4358 1178 4420 omnia
1195 4366 1342 4420 enarrata
1358 4366 1441 4431 sunt,

178 4454 209 4518 iu
234 4476 279 4530 eo,
302 4458 442 4538 quitum
467 4467 645 4539 exceperat,
666 4478 766 4520 rerum
791 4465 877 4518 statu
900 4458 960 4519 dici
983 4478 1042 4520 non
1064 4467 1211 4538 poteraut
1225 4459 1441 4540 circumegisse

179 4558 275 4620 frenis
307 4579 402 4639 equos
435 4560 585 4623 Romulus
619 4560 731 4640 quique
761 4577 829 4620 curu
859 4578 893 4620 eo
917 4558 990 4619 visi
1014 4567 1113 4633 erant,
1136 4561 1228 4640 idque
1251 4559 1309 4621 boc
1330 4580 1441 4623 seusu:

178 4659 248 4739 »qui
279 4679 313 4721 se
340 4661 429 4722 initio
458 4681 526 4724 cum
555 4660 686 4723 Romulo
715 4659 811 4722 oculis
839 4660 1037 4721 Fidenatium
1062 4660 1118 4723 soli
1141 4660 1321 4723 obtulerant
1342 4662 1441 4741 portis

178 4760 423 4840 obequitantes».
467 4763 504 4824 In
537 4762 729 4824 tumultuoso
763 4769 796 4822 et
829 4761 940 4822 minaci
975 4780 1085 4841 genere
1114 4780 1235 4841 pugnae
1264 4763 1386 4841 pedites
1410 4770 1442 4826 et

177 4863 261 4942 ipsos
284 4883 376 4943 quam
399 4863 531 4943 primum
555 4864 586 4924 iu
610 4869 808 4942 conspectum
833 4881 866 4924 se
889 4863 964 4923 dare
987 4881 1003 4922 e
1026 4882 1058 4923 re
1082 4871 1159 4922 erat.
1194 4861 1279 4923 Nihil
1302 4864 1441 4927 adhunc
