3584 5632
298 1511 617 1679 'Epilegonena
660 1521 714 1638 ad
759 1519 807 1639 T.
851 1519 955 1638 Livii
1001 1519 1148 1640 librum
1192 1524 1380 1677 primum.

789 1805 908 1869 Scripsit

661 2002 841 2072 Andreas
876 2001 1031 2090 Frlpsll.

773 2193 921 2202 ——ss

217 2335 331 2452 Ante
360 2389 425 2446 tres
454 2401 552 2446 annos
574 2382 605 2446 in
628 2381 677 2446 his
700 2383 864 2447 annalibus
888 2381 1092 2447 Collationem
1116 2381 1253 2446 codicum
1277 2381 1477 2446 Livianorum

217 2483 313 2548 libros
353 2483 481 2546 I.-—III.
523 2484 734 2548 continentem
770 2485 900 2548 adiectis
934 2484 1053 2566 aliquot
1086 2483 1399 2548 commentationibus
1431 2485 1481 2548 di-

218 2584 359 2669 vulgavi3
393 2584 539 2666 deinceps
572 2585 713 2666 inprimis
740 2586 771 2648 in
800 2605 888 2649 nsum
918 2585 1092 2648 scholarum
1115 2583 1210 2648 libros
1232 2584 1314 2646 Livii
1336 2584 1362 2648 1.
1385 2583 1479 2649 XXI.

217 2685 327 2750 XXII.
350 2684 491 2749 recensui
514 2693 546 2748 et
568 2685 693 2749 scholiis
716 2687 857 2750 suecanis
879 2686 1025 2760 instruxi,
1048 2705 1085 2748 ae
1106 2684 1199 2748 simul
1221 2685 1358 2748 libellum
1383 2688 1421 2750 de
1444 2687 1480 2750 T.

218 2787 307 2851 Livio
335 2786 536 2850 historiarum
560 2787 710 2868 scriptore
733 2787 859 2872 (Livius
882 2807 946 2850 som
970 2785 1270 2872 historieskrifvare)
1293 2787 1377 2850 ionas
1400 2789 1481 2862 dedi,

219 2907 295 2970 quos
328 2887 424 2951 libros
453 2887 640 2971 typographi
667 2888 742 2970 regii
772 2887 1020 2952 Stoocolmenses
1042 2885 1253 2950 honestissimi
1275 2888 1311 2950 P.
1335 2887 1376 2950 A.
1399 2889 1482 2952 Nor·

219 2990 304 3052 stedt
333 2996 365 3052 et
391 2987 463 3051 Filii
491 2989 556 3052 anis
584 2989 761 3071 sumptibus
788 2989 931 3052 sollerter
954 2989 1193 3069 descripserunt.
1238 2987 1385 3052 Oriticam
1409 3009 1481 3053 vero

219 3090 383 3163 rationem,
416 3109 509 3171 qnam
543 3109 642 3174 neque
674 3090 705 3153 in
739 3090 864 3154 scholiis
894 3089 956 3152 illis
984 3109 1085 3172 neque
1113 3089 1144 3151 in
1168 3090 1482 3153 commentationibus

219 3191 278 3254 nisi
307 3189 414 3272 aliqua
442 3210 481 3254 ex
509 3198 599 3272 parte
628 3211 721 3274 quam
744 3191 924 3272 parcissime
948 3210 1090 3254 exercere
1112 3189 1238 3264 licebat,
1262 3189 1482 3271 epilegomenis

219 3291 408 3375 singulorum
443 3290 590 3355 librorum
624 3292 790 3356 reservavi.
835 3292 938 3363 Quam
972 3310 1133 3355 censuram
1165 3290 1195 3354 in
1219 3298 1312 3354 tanta
1334 3291 1424 3372 copia
1445 3312 1482 3354 ao

219 3392 403 3456 diversitate
437 3392 583 3456 librorum
612 3413 667 3474 per
689 3401 789 3456 totam
813 3393 942 3474 primam
967 3392 1114 3456 decadem
1138 3399 1174 3454 nt
1197 3394 1287 3454 decet
1309 3411 1400 3474 agere
1421 3392 1483 3456 im·

220 3493 318 3558 mensi
341 3495 405 3556 iere
428 3501 477 3556 est
498 3492 624 3568 laboris,
652 3495 850 3577 quamobrem
875 3493 1064 3556 tutissimum
1088 3491 1187 3554 visum
1212 3500 1261 3554 est
1282 3492 1420 3574 singulos
1442 3492 1482 3556 li-

220 3596 291 3658 bros
314 3593 496 3676 singillatim
519 3602 657 3657 tractare
680 3613 862 3676 summaque
886 3594 1010 3657 cantela
1032 3593 1223 3674 pedetentim
1239 3593 1482 3669 emendationes,

221 3695 364 3776 quotiens
397 3714 523 3758 necesse
556 3695 625 3771 erit,
659 3695 773 3769 conari,
802 3715 880 3776 qnae
909 3694 1086 3757 tolerabilia
1108 3702 1164 3757 aut
1187 3693 1312 3756 minoris
1335 3695 1482 3759 momenti

221 3802 304 3870 sunt,
327 3795 358 3858 in
381 3813 529 3876 praesens
551 3794 695 3869 tolerare,
718 3815 797 3878 qnae
821 3816 859 3858 ex
883 3795 1039 3859 codicibus
1056 3796 1133 3858 data
1152 3794 1389 3876 explicationem
1402 3797 1482 3859 reei-

220 3895 321 3975 piunt,
355 3914 414 3958 nou
443 3894 569 3958 violare.
612 3897 736 3978 ltaque,
765 3917 842 3978 quos
863 3896 926 3959 iam
950 3897 1031 3959 edidi
1055 3897 1159 3971 libros,
1182 3897 1263 3958 tales
1285 3897 1480 3976 potissimum

220 3995 374 4070 revocavi,
409 3995 518 4078 quales
552 3995 701 4060 exhibent
733 3999 875 4060 doctores
910 4004 1017 4059 nostra
1050 4004 1156 4062 aetate
1188 3996 1323 4060 maxime
1344 3997 1482 4081 insignes

220 4115 402 4179 summaque
436 4097 625 4160 auctoritate
658 4098 803 4178 praediti,
833 4098 962 4180 Madvig
991 4106 1023 4162 et
1044 4097 1266 4162 Weissenborn
1291 4097 1361 4182 (lib.
1383 4098 1409 4161 I.
1432 4099 1501 4162 ed.¹

220 4191 250 4259 7.
274 4195 395 4260 curavit
416 4197 457 4260 H.
480 4197 505 4260 I.
528 4197 687 4282 Mueller),
710 4219 729 4261 a
752 4199 873 4280 quibus,
897 4199 1077 4281 praesertim
1102 4199 1184 4262 inter
1204 4219 1239 4261 se
1259 4199 1482 4262 consentienti-

221 4299 290 4373 bus,
318 4297 439 4380 longius
467 4297 625 4362 discedere
648 4307 714 4362 tum
738 4301 860 4362 demum
886 4303 933 4362 las
957 4321 1023 4363 esse
1047 4300 1166 4381 putavi,
1190 4317 1257 4361 oum
1281 4298 1482 4362 dissensionis

220 4399 372 4462 rationem
396 4399 474 4462 satis
496 4400 718 4481 probavissem.

170 4495 172 4498 ’
298 4499 341 4584 ,Εἰ
374 4499 456 4562 inter
484 4519 517 4564 se
546 4510 767 4582 comparantur
795 4501 925 4574 codices,
949 4500 1000 4582 qni
1023 4500 1138 4581 primos
1159 4499 1241 4563 Livii
1265 4501 1358 4564 libros
1381 4501 1482 4564 conti·

222 4607 308 4674 nent,
335 4608 367 4662 et
395 4607 469 4664 ante
497 4601 601 4665 omnia
622 4622 748 4666 neeesse
771 4610 874 4674 estet
897 4603 985 4683 longe
1007 4601 1191 4665 difficillima
1214 4609 1262 4664 est
1283 4620 1342 4676 res,
1365 4602 1481 4682 princi·

221 4708 316 4781 patus
345 4701 479 4765 Medioei
509 4710 664 4783 quatenns
686 4711 807 4784 pateat,
831 4721 923 4764 exre
947 4711 978 4764 ct
1000 4703 1134 4766 veritate
1157 4701 1355 4766 constituere.
1398 4703 1479 4767 Dum

222 4801 324 4866 latent
346 4810 403 4865 aut
425 4821 533 4884 parurn
558 4804 623 4866 noti
646 4811 721 4868 sunt
742 4804 775 4879 ii,
799 4823 926 4886 qnorum
951 4803 1087 4884 antiquis
1110 4802 1293 4886 quibusdam
1312 4804 1481 4868 editoribus

272 4946 392 4995 Frigell,
419 4947 573 4997 Eptleporrrsaa
587 4947 617 4986 od
632 4949 656 4986 Τ.
670 4949 732 4988 Liuii
746 4949 825 4988 storum
838 4949 942 4996 primum.
1420 4952 1427 4984 1
