3574 5632
362 679 562 754 Epilegomsns
583 681 619 737 ad
639 681 672 738 T.
697 681 768 738 Livii
793 681 894 738 librum
924 683 1083 740 vicesimum
1106 684 1236 756 primum.
1386 685 1424 741 37

261 853 312 929 49,
334 857 355 916 2
377 854 571 917 comitutu.
595 875 620 919 c.
643 855 694 930 20,
716 857 745 923 4.
768 893 809 904 -
826 857 997 942 perscribit
1007 859 1099 922 Frcb.
1116 857 1208 923 Grut.
1224 857 1320 923 Gran.
1327 877 1427 944 prac-

159 955 287 1018 scribit
311 957 337 1018 l.
360 956 389 1017 3.
412 955 495 1037 Mog.
518 955 592 1019 Ald.
615 955 687 1020 Sob.
711 991 752 1004 -
773 968 934 1043 monetque
956 969 990 1021 ut
1011 959 1104 1043 (CM)
1126 958 1195 1023 Ais.
1209 959 1292 1040 Mag.
1308 969 1426 1022 mouet-

159 1077 235 1140 quo
263 1065 291 1118 et
317 1056 353 1119 P.
376 1066 536 1140 monetque
563 1059 586 1119 Ι.
610 1057 638 1120 3.
661 1058 743 1140 Mag.
767 1058 840 1122 Ald.
864 1059 956 1123 Frob.
980 1061 1071 1124 Grut.
1095 1059 1191 1124 Gran.
1215 1060 1311 1122 Drak.
1334 1059 1425 1123 st.

162 1158 250 1220 Wfl.
295 1157 382 1220 Satis
404 1177 516 1220 causae
540 1177 607 1220 esse
628 1159 761 1231 videtur,
785 1180 838 1222 cur
860 1171 893 1222 ut
915 1161 1110 1224 admittatur.

259 1257 309 1332 49,
332 1253 352 1319 'i
375 1268 568 1343 expraetore,
591 1260 672 1340 quod
701 1260 773 1323 addi
801 1282 860 1324 non
890 1261 951 1324 fuit
973 1281 1108 1337 necesse,
1130 1281 1224 1344 prope
1247 1268 1424 1343 suspectam

166 1367 234 1435 ert,
258 1360 329 1442 quia
351 1357 452 1421 alieno
476 1360 541 1422 loco
564 1367 635 1441 post
658 1360 742 1422 circo
763 1361 793 1423 in
816 1363 1008 1446 Ppraotore
1029 1363 1154 1446 (deinde
1177 1384 1197 1425 a
1219 1361 1371 1446 ciuitate),
1393 1361 1425 1425 in

166 1462 243 1523 edd.
268 1460 682 1546 (1.3.Mog.A1d.Fr0b.
707 1461 798 1525 Grut.
823 1463 909 1547 aliis)
937 1472 1116 1549 praetorem
1148 1464 1275 1549 (deinde
1304 1463 1425 1526 acici-

170 1569 238 1624 tato
262 1564 288 1624 l.
312 1563 340 1624 3.
365 1561 438 1624 Ald.
462 1561 546 1637 min..
568 1561 611 1624 ad
633 1564 772 1625 civitatee
793 1563 876 1645 Mag.
899 1563 973 1627 Ald.
996 1565 1068 1628 mai.
1090 1565 1182 1628 Frob.
1206 1563 1296 1628 Grut.
1311 1561 1424 1649 Gran.)

171 1662 323 1744 scriptum
348 1671 405 1725 ast.
450 1662 670 1726 Collocandum
695 1665 816 1746 quidem
834 1672 890 1728 aut
905 1673 978 1728 anta
992 1673 1042 1728 »et
1058 1665 1140 1729 circa
1154 1665 1297 1729 civitates
1311 1664 1424 1740 missi»,

170 1766 253 1845 quod
288 1783 355 1826 cum
390 1763 487 1826 altero
521 1764 682 1828 enuntiato
715 1773 766 1828 «et
798 1773 871 1828 ante
899 1767 1002 1829 omnia
1024 1768 1060 1828 L.
1084 1767 1199 1830 teneri»
1222 1766 1423 1841 connectitur,

173 1873 231 1928 aut
262 1866 355 1946 paulo
388 1865 536 1927 remotius
566 1873 616 1928 aet
649 1867 730 1928 circa
763 1867 906 1930 civitates
938 1877 1121 1949 apraetore
1144 1867 1257 1931 missi.»
1299 1867 1424 1949 Duplex

172 1965 269 2028 fuisse
292 1975 424 2047 apparet
445 1965 579 2028 officium
602 1967 764 2048 praetoria,
797 1975 832 2030 ut
862 1968 1034 2050 etreliqua
1056 1969 1171 2049 oppida
1193 1970 1231 2030 ad
1255 1987 1339 2031 mare
1361 1967 1424 2030 sita

174 2075 207 2128 et
227 2066 367 2146 inprimis
390 2067 585 2148 Lilybaeum,
618 2076 714 2149 caput
734 2068 865 2144 insulae,
892 2076 1059 2145 tutaret-ur,
1080 2070 1210 2153 ideoque
1231 2069 1423 2132 incommode

174 2169 213 2229 ad
237 2169 317 2231 hunc
339 2168 462 2230 modum
485 2168 689 2250 seiunguntur
709 2169 779 2231 iila:
802 2178 852 2232 aet
874 2189 893 2230 a
915 2178 1057 2249 praetore
1081 2170 1162 2234 circa
1179 2171 1323 2234 civitates
1337 2171 1423 2233 missi

174 2277 300 2331 ...et
333 2278 406 2330 ante
439 2269 543 2332 omnia
574 2270 610 2332 L.
639 2269 764 2332 teneri».
788 2307 828 2316 -
850 2280 878 2332 ot
900 2281 970 2333 anto
992 2271 1098 2334 omnio
1119 2273 1201 2354 Mvg.
1225 2281 1296 2334 anto
1317 2271 1423 2335 omnio

173 2370 227 2433 Po
249 2370 314 2432 rell.
339 2370 366 2431 l.
390 2371 419 2431 3.
442 2371 523 2452 Mog.
548 2370 621 2433 Ald.
644 2371 739 2434 Gron.
762 2372 859 2433 Drak.
882 2370 972 2434 st.
995 2372 1069 2435 Wd.

257 2472 303 2533 Ib.
333 2471 389 2555 qai
419 2491 491 2534 soor
514 2518 520 2532 .
547 2517 553 2532 .
578 2518 584 2532 .
607 2471 800 2535 intenderant
832 2474 859 2534 l.
883 2473 911 2535 3.
934 2474 1016 2555 Mog.
1040 2473 1113 2537 Ald.
1136 2473 1202 2536 rell.
1226 2474 1282 2558 qai
1303 2492 1361 2535 om.
1384 2473 1421 2536 P.

172 2573 268 2634 »Post
300 2571 526 2654 tribunique
560 2573 711 2636 excidisse
745 2574 807 2655 qui
840 2575 1097 2656 pervagatissimo
1129 2593 1241 2649 errore,
1262 2574 1325 2636 iam
1348 2581 1422 2638 ants

175 2681 273 2735 artem
297 2672 551 2755 typographicam
575 2673 732 2736 inventam
756 2675 948 2738 intellectum
973 2685 1047 2750 est»,
1070 2676 1145 2757 Mvg
1167 2675 1297 2738 Emeud.
1310 2694 1339 2756 p.
1353 2669 1424 2737 274.

174 2797 194 2836 a
212 2783 359 2859 praetore
380 2772 469 2835 misai
491 2771 586 2859 lopati
608 2782 666 2838 cet.
689 2773 770 2837 idem
793 2776 880 2838 valet
902 2797 939 2840 ao
961 2784 1104 2856 »praetor
1126 2775 1211 2839 misit
1232 2776 1352 2858 legatos
1366 2776 1424 2839 tri-

174 2877 344 2956 bunosque,
367 2874 417 2956 qui
440 2895 512 2938 suos
535 2875 571 2960 (i.
595 2896 620 2938 e.
644 2876 796 2955 praetoris
820 2877 949 2959 milites)
980 2879 1020 2940 ad
1055 2897 1158 2941 curam
1194 2876 1352 2940 custodiae
1374 2877 1424 2939 in-

173 2977 363 3038 tenderent».
386 2973 547 3039 Woelfflin
571 2997 701 3058 eumque
723 2977 753 3038 iu
778 2977 825 3039 ed.
848 2979 877 3039 3.
901 2986 1026 3042 secutus
1049 2978 1186 3060 Madvig,
1209 2978 1423 3060 potiusquam

173 3077 229 3160 qni
247 3076 324 3139 illud
348 3077 621 3158 »pervagatissimo
644 3097 761 3140 errore»
783 3078 929 3141 omissum
951 3080 1162 3154 restituerent,
1185 3079 1423 3142 inmoderantia

173 3177 332 3240 intendero
354 3185 512 3242 mutantes
535 3177 579 3241 sic
601 3179 807 3260 scripserunt:
836 3199 855 3240 a
883 3188 1027 3262 praetore
1048 3181 1147 3244 »circa
1169 3181 1315 3244 civitates
1338 3179 1423 3243 missi

173 3279 268 3360 legati
290 3279 467 3361 tribunique
489 3299 562 3342 suos
584 3280 623 3342 ad
647 3299 751 3343 curam
775 3281 934 3344 custodiae
956 3281 1142 3345 intendere».
1165 3303 1237 3346 suos
1258 3279 1353 3363 igitur
1377 3281 1423 3344 le-

173 3388 313 3460 gatorum
337 3379 590 3464 tribunorumque
614 3381 728 3445 milites
740 3382 839 3464 magis
851 3403 941 3464 quam
955 3383 1107 3463 praetoris
1118 3382 1293 3446 intellectos
1306 3382 1422 3445 volunt.

256 3480 307 3555 49,
339 3481 360 3544 8
392 3481 559 3568 deferrent,
591 3493 635 3559 ut,
668 3482 724 3545 oti
754 3484 840 3565 Mag,
872 3484 946 3546 wfl.
981 3484 1070 3547 st.
1094 3486 1141 3546 ed.
1164 3483 1194 3547 6.
1216 3482 1374 3569 deferrent
1396 3493 1424 3545 et

173 3582 228 3646 ott
258 3583 348 3646 PCM
382 3585 409 3646 l.
442 3586 472 3646 3.
501 3584 575 3647 Aac.
598 3583 672 3646 Ald.
696 3584 768 3647 min.
791 3584 865 3647 Sob.
888 3583 957 3647 Ais.
980 3586 1070 3648 st.
1094 3586 1141 3648 ed.
1166 3585 1193 3647 l.
1216 3585 1294 3648 sab.
1317 3583 1423 3666 dofer-

171 3694 249 3758 roat,
282 3684 338 3746 abi
369 3685 450 3766 Mog.
484 3685 558 3748 Ald.
595 3683 666 3747 mai.
690 3684 781 3750 Grut.
815 3685 910 3748 Gron.
933 3686 1031 3748 Drak.
1053 3686 1127 3749 Bkr.
1172 3685 1255 3758 Quia
1276 3686 1308 3748 id
1330 3685 1423 3748 simul

173 3784 250 3848 edici
283 3786 432 3849 absonum
462 3793 539 3861 erat,
567 3807 606 3848 ne
629 3787 707 3869 quis,
730 3787 782 3848 ubi
805 3806 901 3850 naves
923 3787 1147 3850 conscendendi
1169 3787 1288 3868 siguum
1314 3788 1421 3850 datum

172 3893 265 3960 asset,
299 3906 414 3950 moram
449 3888 575 3960 facerat,
598 3907 696 3970 neque
719 3887 878 3951 consilium
902 3888 995 3951 edicti
1017 3887 1100 3952 illius
1122 3890 1160 3952 dc
1183 3887 1307 3951 cibariis
1329 3907 1421 3969 praa-

172 3987 319 4069 parandis
353 3987 458 4051 addito
491 3997 526 4050 at
561 3989 718 4051 declarare
754 4009 831 4069 opus
854 3996 932 4063 erat,
954 4009 1009 4052 auo
1031 3989 1096 4053 iure
1119 3989 1253 4053 editores
1276 4009 1330 4070 per
1351 3989 1422 4069 plus

172 4097 327 4152 trecentos
360 4109 457 4152 annos
490 4091 630 4170 copulam
665 4099 692 4152 ct
720 4089 902 4171 simpliciter
923 4091 1105 4166 reiecerunt,
1128 4110 1219 4172 quam
1243 4109 1282 4153 ex
1305 4090 1421 4153 ultimis

171 4188 285 4252 litteris
308 4189 394 4252 verbi
416 4190 631 4271 praecedentis
653 4187 811 4278 deferrent
833 4199 939 4254 natam
965 4211 1032 4254 esse
1055 4199 1160 4255 censet
1182 4190 1279 4255 Drak.
1302 4191 1420 4254 Tamen

171 4292 299 4372 Madvig
321 4310 376 4372 pro
403 4301 431 4354 ot
452 4290 577 4372 scripsit
599 4299 642 4364 ot,
665 4294 744 4373 quod
767 4299 950 4372 receperunt
971 4293 1045 4354 wfl.
1074 4301 1106 4356 et
1127 4292 1228 4366 wsb..
1251 4292 1310 4355 etsi
1335 4300 1422 4354 uter-

171 4411 229 4474 que
252 4392 372 4454 monuit
393 4413 452 4454 non
475 4401 538 4454 tam
563 4393 652 4474 longe
675 4393 793 4474 seiungi
816 4393 914 4456 solere
936 4403 970 4455 ot
992 4403 1024 4456 et
1045 4415 1091 4456 aa.

262 4491 307 4554 Ib.
331 4513 368 4555 aa
390 4493 468 4578 qaid
491 4493 518 4555 l.
541 4495 570 4556 3.
593 4493 667 4557 Asc.
690 4483 773 4576 Mag.
792 4493 866 4557 Ald.
889 4493 963 4558 Sob.
986 4495 1077 4557 Frcb.
1100 4497 1194 4559 Herv.
1217 4495 1312 4557 Vasc.
1335 4494 1420 4574 Mvg,

169 4593 244 4656 Wfl.
280 4593 372 4656 st.
409 4596 456 4656 ed.
484 4593 515 4657 6.
537 4617 575 4657 oo
596 4595 666 4680 qais
687 4594 776 4659 PCM
798 4595 862 4676 Sig.
886 4597 970 4658 Mod.
993 4596 1084 4659 Grut.
1108 4597 1203 4660 Gron.
1226 4594 1321 4657 Drak.
1344 4593 1419 4656 Bkr.

170 4691 238 4756 Ars.
275 4695 353 4757 Fab.
375 4694 466 4761 st.
490 4697 536 4758 ed.
561 4695 588 4758 l.
632 4695 775 4759 Edictum
800 4704 859 4772 ast,
881 4705 918 4760 at
939 4696 1013 4760 socii
1037 4698 1163 4760 navales
1185 4716 1290 4758 omnes
1314 4696 1419 4758 conie-

170 4797 241 4858 stim
279 4803 368 4858 cocta
403 4795 519 4859 cibaria
553 4798 593 4860 ad
625 4817 721 4861 naves
744 4799 910 4873 deferrent,
932 4819 971 4861 na
993 4799 1071 4879 quis,
1094 4798 1146 4860 ubi
1168 4796 1288 4879 signum
1311 4797 1419 4859 datum

168 4905 261 4973 esset,
289 4897 327 4959 ob
350 4916 419 4961 cam
443 4915 547 4960 curam
571 4916 689 4962 moram
713 4900 937 4962 conscendendi
960 4901 1087 4962 faceret.
1130 4899 1199 4962 Non
1224 4904 1272 4961 est
1294 4915 1348 4961 cur
1369 4897 1419 4961 hic
