3574 5632
363 635 403 694 34
553 633 752 710 opilegomana
773 638 810 694 ad
831 633 864 694 T.
887 632 959 694 Livii
980 632 1085 696 libram
1107 634 1269 698 ricmimnm
1291 635 1422 712 primum.

362 833 430 876 esse
462 812 619 876 Gallicum
647 813 831 876 vocabulum
853 813 885 876 in
908 813 988 878 alias
1009 812 1132 894 linguas
1153 813 1340 878 recentiores
1361 820 1521 894 receptum
1544 831 1622 876 ma·

360 915 555 976 raudeuru.

446 1014 603 1095 Cogitatio
637 1015 675 1078 de
708 1013 830 1078 Gallico
857 1014 911 1076 illo
943 1014 1106 1087 vocabulo,
1128 1034 1188 1077 non
1211 1033 1287 1078 sane
1310 1015 1443 1096 cognitio
1465 1013 1621 1076 substan-

361 1116 418 1178 tivi
451 1115 558 1178 Latini
591 1123 690 1178 totam
724 1115 817 1178 istam
851 1115 1140 1196 interpretationem
1168 1115 1284 1196 genuit
1327 1115 1412 1178 Sunt
1432 1134 1505 1181 vero
1527 1115 1621 1194 longe

362 1217 503 1280 diversae
537 1215 662 1298 originis
684 1235 722 1278 ac
743 1215 978 1297 significationis
999 1217 1064 1278 ista
1084 1217 1191 1278 uerba.
1234 1215 1394 1280 «Moraad
1415 1225 1514 1278 terme
1537 1213 1621 1276 d’in-

357 1319 428 1398 jure
461 1324 493 1382 et
525 1318 563 1380 de
597 1313 724 1398 mhpris,
747 1315 826 1378 celui
848 1316 900 1398 qui
923 1337 960 1378 ne
983 1314 1094 1382 merite
1116 1334 1173 1397 pas
1195 1317 1234 1379 de
1257 1315 1497 1390 conmdbration,
1520 1316 1564 1376 vil
1587 1323 1621 1378 et

360 1419 524 1499 impudent
557 1419 683 1500 coquin;
719 1417 839 1499 signifie
861 1417 1107 1497 primitivement
1128 1438 1167 1480 en
1188 1419 1326 1498 franqais
1348 1437 1465 1498 pauvre
1487 1435 1619 1498 gueux».

361 1517 475 1584 Littrb.
527 1517 675 1582 Moratur
710 1526 815 1581 autem
851 1526 909 1592 est,
943 1519 995 1600 qui
1029 1537 1147 1582 moram
1180 1520 1294 1593 adfert,
1317 1519 1455 1599 quirem
1478 1518 1618 1598 aliquam

362 1628 510 1694 moratur,
543 1621 695 1693 retardat,
727 1619 877 1700 reprimit,
910 1619 1041 1692 inhibet,
1062 1620 1181 1698 ἐπέχεις
1202 1619 1320 1700 itaque,
1342 1627 1379 1682 ut
1400 1639 1439 1682 ex
1461 1618 1564 1682 titulis
1587 1625 1621 1680 et

362 1720 551 1803 anaglyptis,
585 1740 664 1801 quae
696 1720 786 1783 ludos
810 1719 961 1782 circenses
983 1728 1232 1800 repraesentant,
1265 1719 1414 1782 coniicere
1444 1719 1528 1792 licet,
1551 1738 1621 1781 mo-

361 1830 481 1884 ratores
515 1821 767 1902 appellabantur,
796 1819 902 1903 quiin
924 1820 973 1884 his
995 1821 1078 1884 ludis
1100 1821 1313 1903 quadrigarios
1336 1829 1369 1884 et
1390 1819 1526 1902 bigarios
1550 1839 1619 1882 mo-

361 1923 523 1994 rabantur,
546 1943 584 1984 ue
607 1929 681 1984 ante
703 1929 828 2002 tempus
850 1929 907 1984 aut
929 1941 990 1984 non
1011 1941 1067 1984 suo
1090 1922 1196 1984 ordine
1219 1929 1393 1996 currerent3
1414 1921 1447 1982 in
1469 1922 1536 1983 foro
1560 1939 1619 1984 au-

361 2033 425 2086 tem
458 2023 504 2086 sie
531 2022 683 2103 appellati
705 2021 854 2084 causidici
877 2022 1013 2102 quidam,
1036 2021 1088 2103 qui
1110 2023 1341 2086 adhibebantur
1363 2023 1404 2085 ad
1426 2041 1544 2084 moram
1569 2022 1620 2083 fa-

362 2124 513 2198 ciendam,
546 2124 620 2186 dum
653 2123 796 2186 meliores
828 2142 862 2186 se
895 2122 995 2186 denuo
1033 2131 1249 2204 compararent
1271 2123 1312 2186 ad
1334 2123 1508 2186 dicendum.
1554 2122 1618 2185 Cic.

359 2225 431 2288 Div.
465 2224 497 2287 iu
531 2221 571 2296 Q.
595 2224 708 2287 ancil.
730 2224 778 2296 15,
800 2222 841 2285 49
864 2243 903 2286 ex
924 2223 978 2284 illo
1000 2243 1091 2305 grege
1114 2231 1313 2297 moratorum,
1337 2223 1389 2304 qui
1411 2223 1620 2303 subscriptio-

361 2345 429 2388 nem
461 2325 521 2387 sibi
553 2325 762 2406 postularuut.
816 2325 852 2386 In
881 2323 1001 2405 reliqna
1023 2325 1248 2406 significatione
1269 2325 1318 2386 his
1339 2324 1417 2388 illud
1439 2323 1620 2386 substanti-

360 2447 432 2490 vum
462 2426 628 2502 iuvenitur,
650 2425 719 2487 Liv.
742 2427 772 2499 2,
795 2425 846 2500 44,
868 2424 888 2487 6
910 2444 1020 2488 novem
1043 2425 1236 2490 tribunorum
1259 2427 1409 2490 adversm
1431 2444 1525 2490 unum
1552 2445 1620 2490 mo-

359 2536 495 2591 ratorem
524 2526 640 2607 publici
663 2526 814 2588 commodi
836 2526 952 2588 auxilio
975 2526 1122 2588 dilectum
1145 2527 1286 2589 consules
1308 2524 1426 2588 hahent
1454 2525 1490 2608 (i.
1514 2546 1541 2588 e.
1568 2526 1620 2608 qui

360 2629 476 2692 dilectu
514 2626 711 2708 impediendo
750 2627 908 2708 publicum
944 2628 1137 2690 commodum
1171 2627 1373 2708 impediebat,
1406 2625 1618 2710 morabatur),

361 2730 448 2796 Gurt.
469 2729 500 2804 4,
521 2729 574 2802 40,
598 2727 637 2790 10
658 2727 824 2790 Persarum
848 2734 1020 2790 moratores
1043 2735 1144 2802 eraut,
1166 2728 1251 2791 mille
1274 2729 1381 2801 ferme,
1405 2727 1458 2809 qui
1479 2728 1617 2808 speciem

362 2830 465 2911 magui
499 2829 631 2910 agminis
663 2829 812 2892 fecerant.
867 2828 949 2892 Huic
978 2827 1093 2910 agmini
1116 2835 1317 2904 moratorum,
1340 2829 1421 2910 quod
1442 2848 1498 2909 pro
1520 2829 1619 2892 Dario

361 2932 429 3012 ipso
462 2931 654 2993 adventante
686 2929 785 3010 primo
818 2928 959 2992 habitum
989 2936 1069 3003 erat,
1091 2928 1165 3010 quid
1187 2929 1302 3012 negotii
1325 2929 1429 3004 fuerit,
1452 2936 1618 2992 contextus

363 3031 513 3096 orationis
546 3031 624 3093 satis
657 3031 758 3094 docet.
821 3028 906 3112 Tigri
940 3039 1088 3111 superato
1122 3049 1190 3092 cum
1225 3029 1366 3093 audisset
1390 3029 1510 3093 'Darius
1533 3030 1619 3092 haud

363 3133 469 3215 procul
509 3132 618 3195 abesse
656 3131 883 3206 Alexandrum,
924 3130 1114 3212 Satropaten
1150 3131 1287 3212 equitum
1322 3132 1514 3212 praefectum
1549 3151 1619 3194 cum

364 3233 448 3297 mille
481 3232 610 3296 delectis
642 3231 815 3312 praemisit,
848 3239 880 3295 et
901 3231 1031 3294 Mazaeo
1054 3231 1190 3312 praetori
1212 3252 1268 3296 sex
1290 3232 1376 3295 milia
1397 3233 1484 3306 data,
1507 3233 1620 3313 quibus

364 3335 485 3398 hostem
503 3333 640 3398 transitu
662 3332 762 3396 amnis
785 3340 919 3396 arceret:
943 3332 1040 3395 eidem
1064 3335 1258 3409 mandatum,
1281 3340 1316 3394 ut
1336 3332 1503 3414 regionem,
1526 3352 1619 3415 quam

365 3436 548 3499 Alexander
569 3442 654 3497 esset
675 3435 828 3508 aditurus,
851 3433 1055 3514 popularetur
1076 3443 1171 3515 atque
1193 3441 1306 3498 ureret.
1350 3434 1429 3496 Post
1450 3434 1619 3497 transitum

366 3535 536 3618 Euphratis
569 3555 629 3598 non
657 3535 823 3598 inhibitum
846 3541 1030 3615 penetrante
1053 3535 1093 3597 ad
1115 3535 1221 3616 Tigrin
1243 3534 1425 3598 Alexandro
1447 3542 1517 3597 tota
1536 3534 1621 3614 regio

367 3637 451 3700 ultra
482 3656 605 3700 amnem
638 3637 755 3698 receuti
789 3635 933 3698 fumabat
953 3635 1110 3698 incendio:
1133 3636 1247 3717 quippe
1268 3636 1429 3710 Mazaeus,
1452 3655 1622 3716 quaecum-

369 3757 427 3818 que
450 3738 581 3812 adierat,
603 3736 687 3798 haud
709 3755 799 3798 secus
822 3755 914 3818 qnam
937 3734 1038 3798 hostis
1061 3737 1182 3800 urebat.
1225 3737 1257 3798 Is
1279 3755 1362 3810 vero,
1385 3737 1447 3816 qui,
1470 3737 1496 3798 si
1516 3743 1622 3800 traus-

369 3838 514 3902 euntihns
544 3838 676 3919 primum
709 3838 894 3918 Euphraten
918 3837 1029 3899 deinde
1051 3837 1158 3919 Tigrin
1180 3837 1422 3918 supervenisset,
1454 3837 1539 3900 haud
1562 3837 1622 3900 du·

369 3939 419 4000 bie
451 3958 654 4020 oppressurus
690 3939 751 4002 luit
772 3938 1002 4018 incompositos,
1024 3937 1055 4000 iu
1079 3939 1207 4002 sinistra
1228 3939 1352 4002 demum
1374 3937 1476 4019 Tigris
1497 3937 1568 4018 ripa
1590 3945 1622 4000 et

368 4040 430 4102 iam
464 4047 657 4120 perarmatos
691 4038 872 4120 adequitare
906 4038 1017 4119 coepit.
1071 4039 1159 4102 Mille
1192 4039 1356 4102 admodum
1386 4039 1507 4120 equites
1530 4057 1622 4119 praa-

370 4140 507 4214 miserat,
540 4159 617 4222 quos
649 4139 725 4202 vicit
756 4140 865 4202 Aristo
900 4141 1154 4222 praefectumque
1182 4159 1286 4202 eorum
1309 4139 1501 4220 Satropaten
1523 4140 1622 4204 intar-

370 4241 454 4304 fecit.
510 4241 630 4304 Castris
663 4240 755 4302 mutis
788 4241 957 4303 secundum
991 4241 1096 4322 Tigrin
1119 4241 1318 4322 progrediens
1340 4240 1522 4304 Alexander
1543 4241 1620 4304 Per·

370 4362 473 4406 sarum
507 4349 723 4404 moratores
757 4341 919 4422 conspexit
941 4360 979 4404 ac
1000 4343 1189 4423 refugientes
1212 4343 1251 4404 ad
1274 4361 1347 4404 suos
1369 4349 1532 4405 assecutus
1556 4349 1620 4416 est;

371 4443 551 4525 equitesque
583 4442 754 4524 praemisit,
788 4442 839 4523 qui
872 4442 974 4522 iguem
1008 4443 1252 4524 exstinguerent,
1285 4461 1375 4524 quem
1399 4442 1554 4524 fugientes
1575 4442 1621 4504 illi

370 4545 484 4625 raptim
518 4543 611 4606 tectis
644 4543 825 4624 acervisque
859 4543 1005 4606 frumeuti
1042 4544 1222 4607 iniecerant.
1275 4544 1365 4606 Adeo
1386 4544 1536 4608 Mazaeus
1559 4542 1621 4606 iam

372 4647 476 4726 fugere
510 4651 683 4718 contentus,
717 4652 752 4705 ut
774 4643 862 4706 addit
880 4642 1017 4718 Curtius,
1040 4644 1187 4727 pleraque
1209 4643 1361 4708 inviolata
1381 4643 1465 4708 hosti
1486 4644 1622 4725 reliquit.

372 4745 461 4816 Quae
494 4765 561 4807 curn
589 4745 636 4807 ita
663 4745 737 4818 sint,
765 4751 935 4806 moratores
957 4743 1001 4804 illi
1025 4745 1201 4820 Persarum,
1224 4745 1275 4826 qui
1297 4745 1451 4821 dicuntur,
1473 4763 1548 4824 pars
1571 4764 1623 4808 eo-

372 4865 438 4908 rum
473 4848 607 4922 fuerunt,
641 4844 693 4928 qui
727 4852 761 4907 ut
794 4844 900 4907 hostes
933 4844 1141 4909 adventantes
1169 4853 1364 4910 morarentur
1386 4855 1418 4908 et
1439 4845 1626 4926 impedirent
