3574 5632
371 645 570 716 Epilegomena
591 645 628 701 ad
649 645 681 700 Τ.
707 645 777 700 bivii
800 645 902 700 librum
926 647 1083 700 vicesimum
1108 659 1237 715 primum.
1432 645 1448 700 'l

192 819 406 899 congruentia.
451 819 551 882 Huius
575 820 654 882 enim
678 819 708 882 in
731 819 858 900 reliquis
880 819 973 881 index
997 818 1164 899 copiarum,
1188 817 1239 898 qui
1262 817 1450 898 partimalio

195 920 304 982 ordine
327 922 501 1000 exponitur,
525 940 592 982 eum
617 922 685 982 edd.
709 921 848 984 Livianis
872 921 931 984 OM
954 928 1152 999 comparatus
1175 925 1238 980 tres
1261 919 1291 980 in
1316 920 1450 982 numeris

196 1021 335 1100 equitum
370 1021 566 1084 differentias
593 1022 737 1101 praebet:
762 1017 870 1093 ίαπετς
892 1023 1138 1104 Λιβυφοινίκων
1159 1023 1218 1098 μὲν
1240 1027 1295 1082 καὶ
1318 1021 1451 1100 Λιβύων

195 1125 474 1199 τετρακοσίους
519 1123 769 1205 πεντήκοντα,
814 1123 1071 1208 Libyphoenices,
1114 1123 1248 1184 mictum
1292 1121 1450 1186 Poeninum

196 1221 292 1308 Afris
329 1245 436 1306 penem,
475 1224 762 1308 quadriupenti
793 1225 895 1307 (0000
928 1224 999 1299 ΟΜ,
1034 1223 1207 1286 trecenti
1242 1224 1310 1286 edd.
1344 1223 1449 1308 vett.),

191 1319 373 1408 'Iieprproiu
395 1325 440 1400 dd,
462 1329 727 1406 τριακοσίους,
750 1337 900 1410 erperae
923 1323 1091 1410 Ilerqetum
1101 1321 1448 1408 mnuueeaHiepem'u,

197 1426 355 1489 ducenti
377 1427 502 1512 equites,
527 1428 691 1510 Νομάδων
713 1427 757 1503 δὲ,
781 1427 984 1490 Μασσαλίαν
1006 1475 1012 1489 .
1037 1475 1044 1489 .
1069 1431 1123 1486 καὶ
1147 1427 1365 1506 Μαυρουσίων
1385 1430 1449 1489 coir

197 1526 288 1607 nepai
309 1527 364 1591 niu
388 1525 541 1602 ὠκεανὸν,
566 1532 720 1611 χιλίους
741 1525 1020 1601 α’κυακοσίους,
1045 1537 1073 1591 el
1095 1525 1256 1590 Numidae
1267 1527 1449 1612 Maurique,

197 1629 320 1692 neoniae
344 1630 470 1706 Oceani,
494 1633 543 1695 ud
564 1631 672 1696 mille
695 1633 920 1715 octiupeute'.
964 1630 1054 1702 Quod
1078 1629 1201 1711 quidem
1225 1627 1268 1691 nd
1290 1629 1320 1691 in
1340 1629 1448 1692 ultimo

196 1751 322 1794 numero
356 1733 524 1796 tollendum
560 1755 596 1796 ao
618 1735 840 1815 praecedentes
863 1735 923 1795 duo
947 1732 1063 1794 numeri
1087 1730 1229 1811 augendi,
1253 1738 1287 1792 ut
1310 1731 1449 1810 perlecta

195 1833 238 1894 sit
260 1833 483 1897 convenientia.

279 1935 372 2006 22,4
405 1933 447 1996 ad
480 1935 627 1998 tuendum
654 1935 849 1998 maritimam
871 1956 959 1997 orem
981 1934 1034 2016 (ut
1056 1933 1188 1995 estium
1211 1934 1240 1994 in
1265 1933 1448 2016 antiquissi-

197 2035 255 2096 mis
289 2036 375 2118 edd.)
409 2036 513 2118 legens
546 2039 628 2117 apud
662 2037 751 2100 st.
786 2037 861 2099 nihil
885 2056 923 2098 ex
947 2036 971 2099 O
994 2037 1031 2096 de
1055 2053 1180 2097 casuum
1206 2035 1357 2097 varietate
1380 2034 1448 2118 (tu-

198 2135 274 2198 ende
297 2143 366 2209 cet,
390 2155 468 2217 quae
492 2138 647 2218 seruntur)
671 2138 828 2200 adnotavi.

280 2239 331 2312 22,
353 2238 373 2300 5
406 2239 501 2301 rediit
523 2240 592 2300 edd.
616 2259 721 2302 ornnes
744 2246 817 2300 ante
841 2239 919 2311 Ala,
942 2237 993 2318 qui
1017 2237 1107 2298 unius
1130 2238 1242 2300 codicis
1265 2238 1291 2301 (i
1313 2239 1449 2302 auctori·

196 2345 263 2399 tate
285 2339 369 2400 redit
389 2340 529 2420 scripsit;
553 2360 642 2421 quem
666 2348 837 2421 sequuntur
862 2339 952 2400 st.
966 2337 1095 2412 ethl.,
1118 2357 1176 2400 nou
1199 2340 1282 2401 Htw.
1298 2341 1448 2422 antMvg.

197 2440 359 2502 Neminem
394 2449 518 2503 moveat
551 2442 731 2504 vicissitude
765 2448 948 2520 temporum,
981 2439 1164 2518 praesertim
1199 2459 1266 2502 cum
1301 2460 1448 2520 praesens

196 2540 273 2602 illud
302 2539 389 2603 ducit
416 2542 447 2604 in
471 2543 647 2604 narratione
672 2541 817 2605 usitatius
839 2541 890 2603 sit.
934 2541 1137 2602 maritumam
1159 2562 1247 2604 oram
1270 2541 1357 2604 ducit
1379 2543 1447 2606 cdd.

197 2659 236 2703 ex
268 2661 350 2704 more
383 2643 443 2705 isto
478 2643 636 2724 quaelibet
670 2643 794 2705 nomina
827 2642 908 2704 falsa
943 2641 1131 2704 obiectorum
1160 2643 1262 2722 specie
1285 2643 1324 2705 ad
1347 2643 1449 2706 vicina

197 2742 293 2804 verba
325 2742 492 2806 transitiva
514 2744 668 2807 trahendi.
708 2753 836 2828 praeter
859 2741 999 2808 Onusam
1021 2741 1138 2818 turbem,
1162 2745 1242 2824 quod
1265 2763 1375 2807 nomen
1397 2747 1448 2820 22,

195 2844 246 2915 20,
279 2844 300 2905 4
332 2843 363 2906 in
398 2845 426 2906 P
459 2853 600 2925 apertum
638 2853 700 2920 est;
733 2845 813 2907 idern
843 2864 915 2906 vern
938 2844 1101 2925 utrubique
1123 2844 1356 2926 intelligendum
1381 2865 1448 2908 esse

194 2944 256 3005 iarn
291 2944 393 3007 Ukert
425 2965 454 3026 p.
488 2946 549 3008 415
583 2947 759 3028 suspicatus
789 2953 845 3008 est.
895 2945 1001 3007 Priore
1024 2953 1127 3007 autem
1152 2945 1228 3019 loco,
1251 2945 1303 3008 ubi
1325 2947 1356 3008 in
1380 2947 1448 3010 cdd.

196 3053 229 3108 et
250 3046 357 3126 primis
380 3047 449 3109 edd.
474 3048 621 3110 emiorum
644 3048 765 3130 legitur,
787 3048 858 3109 inde
881 3048 921 3109 ab
944 3045 1094 3108 Rhenano
1118 3067 1214 3128 nsque
1237 3047 1276 3108 ed
1291 3047 1332 3110 M.
1347 3049 1448 3112 Muel-

197 3147 292 3208 lerum
328 3145 508 3211 Etoviennm
541 3149 632 3212 lectio
665 3149 726 3212 fuit
758 3149 903 3229 vulgata3
927 3149 1007 3229 quod
1031 3166 1141 3209 nornen
1165 3148 1250 3210 urbis
1273 3149 1448 3212 Glareanus

195 3249 277 3328 apud
301 3249 514 3312 Ptolemaeum
537 3253 582 3330 (2,
604 3251 634 3325 6,
657 3249 714 3334 63)
735 3251 898 3312 invenerat
920 3244 1090 3334 (Ἠτόβησα
1113 3251 1186 3312 urbs
1208 3250 1447 3334 Edetanorum).

194 3349 335 3411 Ascribit
362 3350 475 3413 Dralr.:
509 3351 560 3414 «Si
583 3352 742 3414 Hannibal
765 3351 923 3414 maritima
944 3371 998 3413 ora
1021 3352 1059 3412 ab
1083 3349 1272 3432 Cartbagine
1295 3353 1385 3416 Nova
1407 3355 1447 3416 ad

195 3450 345 3512 Hiberum
380 3453 478 3528 duxit,
511 3453 659 3516 Etouissa
691 3453 765 3516 urbe
798 3453 956 3516 maritima
989 3471 1056 3514 esse
1089 3452 1193 3526 debet,
1226 3473 1318 3536 quam
1341 3461 1447 3517 temen

196 3551 397 3614 Ptolemaeus
419 3553 501 3616 inter
523 3556 614 3617 urbes
637 3555 879 3618 mediterraneas
902 3553 1113 3616 Edetanorurn
1137 3561 1286 3628 recenset,
1299 3555 1350 3618 ubi
1364 3555 1447 3619 eius·

193 3654 263 3715 dem
298 3654 403 3733 populi
435 3674 519 3717 nram
555 3655 709 3718 literalem
743 3655 900 3729 describit,
933 3655 1049 3717 nullam
1074 3655 1237 3718 Etouissae
1261 3657 1446 3722 mentionem

194 3753 339 3816 iaciens.»
396 3755 586 3818 Maritimam
621 3758 726 3820 urbem
761 3757 801 3819 ab
835 3756 914 3819 ostio
936 3753 1045 3818 Hiberi
1067 3755 1202 3820 fluminis
1225 3778 1332 3821 versus
1355 3758 1448 3822 meri-

196 3855 276 3918 diem
310 3856 403 3918 sitam
438 3856 576 3920 Onusam
611 3859 705 3921 luisse
734 3865 867 3939 apparet
889 3877 927 3920 ex
950 3857 1127 3920 uenatione
1150 3857 1231 3920 Livii
1254 3861 1305 3933 22,
1333 3857 1368 3922 19
1390 3879 1446 3942 sq,

193 3955 297 4037 ibique
331 3957 510 4020 Valentiam
548 3959 696 4022 coloniam
719 3960 750 4021 in
774 3959 897 4040 regione
919 3958 1075 4020 Edetania
1096 3958 1185 4039 ponit
1206 3959 1326 4023 Plinius
1348 3959 1394 4040 (3,
1416 3961 1447 4036 ί,

196 4056 263 4141 20),
297 4059 376 4139 qood
411 4079 521 4122 nomen
555 4061 644 4123 Livio
670 4069 777 4124 notum
800 4059 861 4122 fuit
883 4059 968 4140 (Per.
991 4059 1059 4144 bb),
1081 4079 1176 4143 quare
1199 4060 1262 4124 alia
1283 4061 1313 4124 in
1337 4061 1374 4124 iia
1396 4081 1447 4125 re-

196 4158 338 4239 giouibns
361 4160 434 4222 urbs
457 4159 565 4223 Onuso
588 4161 683 4224 fuisse
705 4160 838 4224 videtur.

280 4260 331 4334 23,
353 4261 373 4322 4
395 4261 664 4346 insuperabilique
685 4261 818 4348 Alpium
840 4262 976 4324 transitu
999 4261 1067 4324 cdd.
1091 4263 1160 4324 edd.
1204 4261 1257 4326 Sic
1279 4263 1372 4326 etiam
1396 4265 1447 4339 21,

196 4359 246 4432 36,
269 4360 289 4421 4
311 4361 360 4423 Ea
381 4381 453 4425 vero
476 4363 528 4425 via
560 4363 779 4444 insuperabilis
803 4363 863 4425 luit
884 4358 1060 4447 (deliratur
1082 4365 1197 4446 nepeta
1219 4364 1356 4448 Polyb).
1399 4365 1448 4430 U·

196 4468 305 4542 troque
338 4462 404 4524 loco
438 4465 478 4525 ab
501 4464 642 4528 omnibns
666 4466 734 4527 cdd.
758 4473 790 4527 et
812 4465 880 4528 edd.
904 4464 1065 4528 discedens
1087 4463 1350 4550 incanuperubilis
1372 4467 1448 4529 sub·

195 4561 300 4624 stituit
332 4563 420 4638 wll,
454 4585 543 4646 quem
579 4573 749 4648 sequuntur
782 4573 814 4628 et
836 4567 910 4647 Mvg
933 4574 965 4628 et
986 4567 1092 4642 Web.;
1127 4575 1221 4649 negat
1243 4567 1323 4630 enim
1348 4567 1449 4630 altera

195 4682 270 4724 voce
303 4663 425 4728 Livium
460 4685 588 4748 usquam
624 4687 711 4730 usum
748 4686 824 4730 esse.
880 4667 942 4730 Sed
976 4667 1002 4730 si
1031 4669 1138 4731 cedd.
1162 4667 1313 4742 novimus,
1336 4667 1447 4750 quibus

196 4763 298 4826 verbis
331 4765 439 4829 Livius
473 4787 546 4830 usus
577 4769 629 4843 sit,
662 4768 710 4830 bis
734 4768 840 4849 utique
862 4767 937 4830 loeis
960 4769 1079 4832 duobus
1102 4767 1327 4853 insuperabilia
1349 4770 1389 4832 ab
1412 4789 1447 4832 ec

194 4865 342 4944 scriptum
373 4877 430 4930 est.
474 4869 590 4932 Verum
615 4870 738 4951 quidem
763 4878 810 4931 eet
835 4869 931 4931 multo
954 4870 1095 4950 pluribus
1117 4871 1248 4934 alterum
1273 4870 1356 4950 apud
1379 4889 1447 4933 eum
