3584 5632
346 599 385 655 56
631 593 830 666 Epilegomene
851 591 887 648 66
910 591 942 648 Τ.
966 592 1038 650 bivii
1060 593 1164 651 librum
1186 595 1318 665 primum.

345 769 423 852 quit,
445 787 518 832 unm
542 773 647 830 nestra
669 765 790 828 6611616
811 783 871 827 666
893 764 1054 828 16661161»
1077 767 1108 828 16
1132 767 1268 848 61166616
1291 769 1332 831 61
1354 768 1459 848 plnres
1475 765 1622 830 oblitte-

343 879 416 934 rstu
449 869 574 950 proprie
607 866 840 949 significatione.
884 867 983 940 Idem,
1010 876 1046 928 ut
1074 887 1215 932 sermone
1237 869 1391 932 communi
1413 869 1534 941 tritum,
1559 874 1621 928 est

343 972 375 1036 iu
403 971 544 1053 epistolis
574 967 730 1032 Ciceronis
758 968 846 1028 Pom.
876 965 905 1040 9,
927 967 979 1041 21,
1004 967 1030 1041 l,
1059 967 1128 1031 Α11.
1158 968 1188 1042 6,
1210 972 1241 1044 2,
1262 970 1294 1043 8,
1316 969 1487 1052 quinetiam
1509 969 1608 1050 tegr-

344 1076 374 1150 3,
396 1073 427 1148 6,
454 1074 500 1138 l4.
544 1069 696 1134 Similiter
722 1067 785 1130 Ain
809 1068 902 1131 vero?
932 1068 1010 1148 Rep.
1035 1070 1063 1142 l,
1088 1071 1135 1144 13,
1159 1070 1500 1144 truculenter),
1526 1071 1555 1130 l.
1573 1064 1608 1139 6,

346 1177 374 1250 1,
398 1176 446 1237 12.
471 1174 520 1246 12,
543 1171 573 1246 6,
595 1173 624 1234 2.
653 1171 741 1232 Haeo
768 1177 817 1230 eet
842 1169 1060 1248 interpretatio
1087 1171 1179 1234 Peuli
1208 1173 1358 1234 Manutii:
1393 1171 1472 1234 »Ain
1496 1169 1551 1232 tu‘
1571 1174 1608 1228 et

344 1276 406 1340 Ain
431 1273 579 1336 leudem?
601 1271 742 1346 dicimus,
764 1271 991 1350 interrogantes
1014 1291 1051 1332 ee
1073 1273 1111 1334 de
1134 1292 1177 1346 re,
1200 1291 1279 1354 6666
1297 1273 1532 1336 admirationem
1545 1287 1607 1330 ue-

345 1377 393 1440 616
421 1374 557 1438 attulit».
602 1372 649 1434 At
678 1372 771 1434 61666
793 1379 826 1432 61
847 1372 939 1432 viden
962 1381 995 1432 tc
1018 1380 1179 1451 poeternm
1202 1375 1359 1454 proprium
1382 1394 1450 1438 6666
1473 1372 1606 1440 videtur,

344 1485 380 1539 nt
408 1477 496 1556 Virg.
524 1474 605 1538 Aen.
634 1473 664 1548 6,
687 1466 757 1536 779.
786 1473 855 1534 Ter.
879 1473 995 1534 Heuut.
1016 1474 1047 1545 2,
1070 1475 1100 1547 3,
1124 1475 1172 1536 ll.
1200 1473 1256 1538 Sil.
1280 1476 1320 1536 11.
1346 1477 1394 1549 12,
1417 1469 1486 1538 713.
1527 1471 1606 1534 Puri

345 1579 435 1641 modo
464 1576 528 1638 Vin
556 1575 612 1638 tu?
640 1575 714 1637 Hor.
744 1574 813 1636 Set.
839 1574 866 1646 l,
889 1571 919 1646 9,
942 1571 991 1636 69.
1037 1575 1240 1638 Ecoutrurie
1264 1576 1328 1638 Oie.
1350 1576 1409 1640 Ao.
1432 1597 1472 1656 pu
1496 1575 1528 1646 2,
1555 1572 1604 1646 18,

345 1672 387 1741 67
419 1677 557 1740 Videsne
590 1683 626 1738 ut
658 1676 690 1738 in
723 1674 885 1755 proverbio
916 1673 958 1735 sit
986 1693 1111 1737 ovorum
1134 1676 1216 1738 inter
1238 1697 1271 1740 66
1294 1673 1482 1740 similitude?
1514 1673 1605 1736 Dicit

346 1779 479 1842 Plautus
507 1777 625 1857 Amph.
656 1777 684 1850 1,
706 1777 736 1850 3,
758 1775 796 1837 41
822 1775 934 1855 Pergin
958 1775 1085 1836 eutem?
1109 1797 1209 1839 nonne
1231 1797 1287 1858 ego
1310 1797 1442 1858 possum,
1465 1776 1603 1847 furcifer,

345 1887 377 1943 te
399 1879 559 1962 perderet,
582 1886 617 1942 61
639 1878 704 1941 Gio.
726 1877 805 1956 Rep.
831 1876 858 1948 l,
884 1876 921 1936 13
943 1875 1091 1956 Pergisne
1114 1897 1193 1951 euru,
1215 1879 1315 1952 Leeli,
1331 1888 1425 1944 ertum
1440 1876 1602 1940 inludere?

429 1980 572 2043 Pertinet
604 1979 698 2060 igitur
732 1977 866 2040 maxime
895 1977 934 2038 66
963 1984 1072 2055 poetes
1101 1978 1187 2042 elisio
1209 1979 1265 2042 illu
1287 1987 1319 2042 et
1341 1977 1472 2052 omissio,
1494 1985 1602 2040 tumen

344 2082 402 2156 ite,
430 2090 465 2144 61
493 2082 656 2162 6666166,
689 2099 748 2142 666
771 2076 1045 2160 66661116111166
1068 2081 1187 2160 generis
1210 2082 1306 2144 verbe
1328 2082 1418 2146 etium
1443 2079 1527 2158 6666
1550 2099 1603 2141 eo·

347 2183 432 2246 lutee
463 2181 612 2246 orationis
640 2181 806 2261 scriptores
835 2178 976 2258 inprimis
997 2179 1028 2240 iu
1052 2180 1197 2242 semilinri
1220 2201 1357 2247 sermone
1379 2181 1410 2242 iu
1434 2199 1523 2242 nsum
1547 2201 1604 2242 ve·

345 2284 457 2346 norint.
502 2285 570 2346 Iam
593 2283 619 2344 si
642 2279 797 2364 Tenequil
820 2278 1022 2361 Tarquinium
1045 2280 1090 2342 616
1111 2281 1249 2346 61166616
1269 2285 1323 2346 sit·
1348 2282 1451 2344 Viden
1473 2289 1508 2344 tu
1524 2301 1602 2362 pue·

346 2403 412 2447 rum
446 2383 538 2458 huno,
572 2403 662 2464 quem
696 2391 760 2444 166
795 2380 904 2444 humili
932 2387 1019 2442 61616
1048 2382 1511 2462 666666661,666666166166
1535 2389 1604 2444 erut

347 2479 377 2560 7,
399 2486 450 2561 34,
472 2485 493 2546 4
515 2487 549 2548 Ρ.
574 2485 704 2548 Decium
727 2484 880 2546 dicturum
906 2481 1017 2543 fuisse:
1042 2481 1145 2546 Viden
1168 2492 1213 2558 16,
1236 2485 1274 2547 A.
1298 2483 1431 2556 Oorueli,
1455 2503 1602 2546 cacumen

346 2585 423 2650 illud
446 2607 541 2668 supra
563 2585 706 2648 bostem?
728 2592 761 2646 et
782 2584 849 2646 vioe
872 2601 971 2644 versu.

429 2685 480 2762 39,
501 2688 522 2750 4
545 2687 629 2772 quod
651 2687 715 2750 6116
738 2685 827 2749 cordi
849 2692 934 2756 66661,
957 2683 976 2742 1.
1000 2702 1026 2749 6.
1049 2686 1187 2766 616666
1210 2685 1267 2748 1116
1286 2685 1369 2748 cordi
1383 2695 1477 2750 esset.
1512 2687 1603 2758 Quod

346 2787 405 2852 diis
439 2789 521 2852 eordi
556 2807 623 2852 esse
656 2787 718 2850 iem
748 2784 886 2866 prodigio
917 2792 984 2846 erut
1012 2784 1213 2860 1661666166,
1233 2787 1278 2860 11,
1300 2795 1336 2848 61
1358 2789 1604 2869 exspectandum

346 2897 425 2966 erut,
447 2890 565 2952 evenit:
589 2890 662 2973 quid
685 2909 758 2952 vero
780 2888 827 2948 116
850 2884 997 2958 evenerit,
1021 2903 1093 2947 mox
1115 2893 1285 2953 enrrretur.
1322 2886 1456 2958 Quinum
1474 2897 1604 2952 eventus

345 2990 440 3054 inerit
466 2991 597 3072 prodigii
620 2990 776 3070 studiique
799 2985 946 3050 auctioris
968 2986 999 3046 iu
1022 2985 1130 3048 Servio
1153 2988 1319 3051 erudiendo
1342 2989 1497 3064 collocuti,
1519 3009 1603 3058 euru-

345 3091 454 3156 mntim
478 3092 727 3171 praenuntietur,
750 3089 895 3168 deinceps
918 3086 1057 3166 pluribus
1076 3089 1178 3152 verbis
1197 3090 1422 3171 exponendum.
1455 3091 1603 3154 Nonnulli

345 3194 474 3256 6666116
496 3203 540 3256 eet
563 3199 697 3265 mutent,
721 3199 755 3254 ut
777 3191 820 3252 611
842 3186 994 3272 generalis
1017 3190 1174 3252 sententie
1195 3199 1343 3272 seperate
1361 3192 1401 3254 eb
1415 3195 1603 3256 661666666-

345 3293 430 3357 tibus
453 3302 486 3357 61
508 3295 548 3356 eb
570 3295 619 3367 iis,
642 3312 720 3376 6666
744 3291 882 3374 proxime
906 3298 1084 3369 sequuntur.
1288 3297 1291 3303 ’

429 3394 520 3468 39,6
554 3394 722 3480 Tarquinii
750 3395 784 3456 16
812 3393 913 3456 domo.
958 3389 1006 3452 Ol.
1034 3387 1084 3464 39,
1111 3393 1158 3466 13,
1182 3395 1201 3454 3
1229 3394 1261 3454 16
1290 3395 1379 3458 6666
1403 3395 1603 3477 gravissimae

346 3497 479 3559 feminee
513 3505 545 3559 et
579 3515 645 3560 666
681 3497 805 3558 6666616
839 3491 931 3574 16661,
959 3490 1037 3569 Ν66.
1066 3490 1137 3556 Alo.
1161 3495 1191 3567 3,
1213 3494 1233 3556 6
1256 3495 1287 3556 16
1310 3497 1401 3560 domo
1423 3515 1481 3559 sne
1503 3498 1604 3560 iecere

346 3598 496 3680 mysteria
528 3598 700 3672 dicebatur,
729 3598 803 3678 Lys.
826 3597 855 3663 3,
878 3594 897 3656 5
921 3590 1030 3654 Oratio
1053 3601 1276 3671 postmortem
1299 3597 1330 3660 in
1353 3597 1443 3660 domo
1467 3599 1603 3660 616666-

346 3705 437 3778 pertu
460 3706 517 3773 661,
540 3699 614 3761 Tuo.
638 3698 721 3782 Anu.
747 3699 774 3771 l,
797 3696 837 3759 39
861 3693 1006 3756 vexillum
1030 3692 1059 3753 in
1083 3695 1173 3758 domo
1196 3695 1374 3762 Germanici
1392 3699 1497 3772 situm,
1517 3699 1603 3763 Suet.

347 3799 437 3862 0666.
465 3799 506 3862 83
532 3800 564 3862 16
592 3798 722 3862 Antonii
750 3800 851 3871 domo,
880 3795 967 3858 burt.
996 3789 1067 3868 7‚5
1097 3797 1264 3860 meministi
1294 3799 1410 3862 dixisse
1436 3807 1468 3862 te
1491 3800 1603 3862 multos

345 3901 483 3980 integros
516 3899 643 3962 invenes
673 3900 704 3961 in
734 3901 824 3962 domo
846 3907 920 3961 1666
943 3894 1052 3955 metris
1076 3897 1233 3960 abscondi.
1276 3900 1388 3982 116666
1411 3903 1531 3976 domus,
1555 3899 1607 3962 ubi

346 4020 406 4064 nou
441 4001 582 4064 universe
615 4001 803 4064 domicilium
834 3997 997 4081 significat,
1031 3997 1085 4057 sed
1114 4000 1208 4061 aedes
1229 4002 1324 4080 ipses,
1347 4002 1379 4064 in
1402 4003 1513 4085 quibus
1536 4001 1603 4083 quis

345 4101 490 4164 habitere
521 4102 610 4176 solet,
634 4103 741 4164 eedem
765 4103 895 4174 retione,
919 4116 981 4179 666
1003 4097 1163 4176 quodlibet
1185 4102 1268 4164 eliud
1292 4122 1401 4166 66666
1426 4123 1493 4166 666
1518 4103 1603 4184 geni-

346 4203 411 4266 tivo
434 4204 483 4265 vel
506 4204 685 4283 pronomine
708 4204 757 4266 vel
781 4202 935 4266 ediectivo
957 4197 1104 4277 iungitur.
1139 4201 1193 4266 Sic
1215 4202 1309 4266 etium
1333 4205 1385 4266 ubi
1405 4204 1525 4267 sumiliu
1542 4204 1604 4284 sig-

346 4304 500 4378 nificetur,
536 4311 569 4365 61
592 4304 606 4386 t
629 4303 648 4366 6
677 4312 712 4367 ut
738 4304 769 4367 in
799 4305 889 4366 domo
912 4324 931 4365 6
953 4317 1048 4379 parvo
1077 4301 1233 4378 eductum,
1255 4305 1285 4376 3,
1311 4303 1358 4380 19,
1381 4307 1401 4368 4
1424 4305 1512 4368 utin
1535 4323 1604 4385 per-

347 4405 415 4468 dite
447 4407 537 4468 domo
570 4425 709 4486 regnare,
743 4407 773 4479 3,
796 4405 888 4480 60,9
917 4421 976 4466 666
1005 4419 1072 4462 esse
1099 4402 1160 4466 iem
1189 4405 1286 4488 Appii
1309 4406 1429 4470 libidini
1452 4405 1604 4469 1666616

347 4508 437 4570 domo
471 4524 538 4581 sue,
571 4507 651 4587 Nep.
681 4506 751 4568 Ale.
780 4508 809 4581 2,
835 4508 849 4569 1
875 4509 1025 4570 educatus
1049 4505 1150 4568 66116
1172 4508 1262 4569 domo
1285 4507 1424 4582 Periclis,
1448 4507 1511 4572 Cio.
1534 4508 1604 4571 Att.

347 4609 377 4681 2,
399 4602 430 4683 7,
452 4609 471 4670 3
499 4609 530 4670 16
559 4609 649 4670 6666
678 4607 821 4670 (laeseris
849 4608 1003 4690 6666166
1026 4623 1105 4666 6666
1128 4607 1175 4668 vir
1197 4608 1267 4682 1611,
1289 4607 1370 4671 Phil.
1393 4611 1424 4683 2,
1446 4609 1477 4683 3,
1498 4608 1519 4671 6
1541 4627 1606 4670 om·

348 4727 403 4770 nes
434 4707 634 4790 impuritates
669 4709 782 4788 666166
814 4710 845 4772 16
879 4711 969 4771 1666
997 4704 1133 4784 66611616
1161 4709 1309 4790 suscepit,
1338 4711 1407 4774 061.
1431 4729 1471 4772 6.
1497 4710 1545 4783 ll,
1567 4701 1606 4772 37

349 4807 476 4890 vigebat
497 4809 527 4872 in
552 4809 607 4872 1116
630 4811 720 4872 domo
743 4829 809 4872 mos
832 4810 953 4892 patrius
977 4813 1009 4866 et
1031 4806 1204 4888 1166161166,
1228 4810 1315 4876 Ourt.
1332 4812 1434 4886 luet
1450 4811 1605 4876 1666666
