3584 5632
467 637 668 710 Balaam
690 635 727 694 ac
750 637 781 692 u.
807 635 877 692 nvn
902 637 1004 692 riorum
1026 637 1158 707 penam.
1400 637 1440 693 4,

163 809 288 890 feram.
322 807 377 872 Sic
398 817 579 874 constanter
600 809 709 871 Livius
731 811 845 872 rslerre
868 809 900 872 in
923 809 1061 880 annales,
1083 809 1115 870 in
1138 809 1275 884 tabulas,
1296 809 1328 872 in
1346 809 1441 872 libros

165 911 305 982 linteos,
327 911 395 972 sins.
440 911 706 973 Permutabantur
728 912 810 972 inter
831 929 864 972 se
888 910 982 973 etiam
1006 910 1070 972 alia
1090 910 1187 972 verba
1208 910 1332 984 similia,
1356 911 1442 973 velut

167 1011 286 1091 egredi
320 1019 352 1072 et
383 1012 505 1092 regredi
534 1013 583 1083 10,
606 1013 657 1084 32,
679 1013 708 1072 4.
752 1012 788 1072 ln
823 1011 964 1090 exemplo
997 1010 1143 1072 editionis
1172 1012 1211 1084 5,
1235 1011 1317 1092 quod
1339 1012 1441 1073 estin

168 1131 295 1192 magna
327 1111 382 1174 illa
415 1112 605 1174 bibliotheca
636 1112 818 1185 Pansieusi,
852 1112 918 1174 loco
951 1112 1109 1192 praesenti
1136 1111 1267 1192 antiqua
1294 1131 1388 1174 manu
1410 1113 1441 1176 in

169 1213 319 1293 margine
342 1214 527 1276 adnotatum
551 1221 615 1276 est:
639 1214 692 1275 »In
715 1214 819 1275 album
843 1213 945 1274 relata
967 1231 1026 1274 non
1050 1213 1136 1274 elata
1157 1213 1347 1293 legendum».

265 1315 317 1387 32,
338 1314 361 1375 8
375 1313 446 1399 fait
467 1333 487 1375 a
508 1314 667 1394 Madvigic
689 1315 720 1375 in
743 1315 846 1376 altera
867 1315 925 1388 ed,
943 1333 963 1374 a
979 1313 1129 1376 Muellero
1144 1313 1323 1394 inseptima
1336 1314 1442 1376 Weis-

170 1415 268 1476 senb.
297 1415 514 1477 econieotura
540 1415 756 1494 Wesenbergii
783 1421 941 1494 receptum
966 1421 1022 1476 est.
1066 1415 1134 1476 Nec
1154 1414 1441 1478 Weissenbornium

171 1535 238 1577 nec
271 1515 366 1577 alium
400 1535 586 1596 quemquam
620 1516 871 1596 praecedentiam
906 1516 1087 1588 offenderat,
1120 1517 1200 1596 quod
1233 1523 1283 1577 est
1308 1517 1340 1578 in
1363 1516 1444 1591 cdd,

166 1615 291 1700 snserit.
324 1615 442 1678 Omnes
465 1618 588 1690 docent,
610 1617 664 1680 ubi
687 1616 768 1678 actio
791 1617 908 1678 iterata
928 1616 959 1678 in
983 1617 1140 1678 sententia
1161 1616 1311 1696 primaria
1328 1618 1444 1697 imper-

173 1717 265 1780 fecto
293 1717 482 1790 enuntietur,
511 1719 737 1790 secundariam,
767 1737 846 1798 quae
875 1727 908 1778 et
935 1718 1006 1797 ipsa
1033 1717 1095 1780 vim
1125 1716 1243 1779 babeat
1263 1717 1442 1780 iterativum

174 1827 213 1880 et
247 1817 432 1898 quibusdam
467 1818 734 1881 coniunctionibus
767 1827 824 1880 aut
855 1818 996 1880 relativis
1023 1817 1220 1898 generalibus
1247 1819 1443 1892 adnectetur,

174 1937 236 1998 pro
258 1918 379 1982 ratione
402 1919 550 1999 temporis
572 1928 629 1981 aut
651 1919 832 2000 imperfecto
855 1927 912 1982 aut
929 1920 1234 2000 plusquamperfecto
1253 1937 1444 2000 expressam,

176 2020 265 2100 apud
298 2018 421 2082 Livium
456 2021 553 2082 multo
587 2020 722 2101 saepius,
757 2039 847 2100 quam
879 2021 963 2100 apud
991 2020 1191 2101 antiquiores,
1214 2019 1442 2084 coniunctivnm

176 2119 314 2183 babere:
347 2121 400 2182 ubi
427 2139 500 2183 vero
526 2121 685 2184 sententia
707 2121 870 2202 principali
892 2121 1050 2201 praesenti
1072 2129 1211 2201 tempore
1235 2139 1384 2202 expressa
1405 2123 1443 2184 dc

179 2240 218 2284 eo
241 2221 374 2294 dicatur,
396 2223 477 2302 quod
500 2222 630 2284 iteretur
651 2222 756 2284 fierive
779 2222 890 2296 soleat,
914 2229 1008 2303 atque
1031 2229 1087 2284 aut
1109 2241 1257 2302 praesens
1280 2223 1322 2284 sit
1342 2224 1375 2284 in
1393 2243 1444 2284 se·

179 2321 332 2384 candaria
358 2330 424 2396 aut,
453 2323 489 2395 si,
512 2330 547 2384 nt
569 2323 750 2402 saepissime
772 2323 819 2396 lit,
841 2324 923 2412 actio
945 2323 1037 2385 buius
1059 2331 1199 2403 tempore
1221 2323 1304 2403 prior
1326 2323 1444 2405 cogite·

180 2433 244 2495 tur,
276 2424 449 2502 perlectum
482 2424 553 2485 illas
587 2423 817 2486 coniunctiones
846 2425 895 2485 vel
923 2424 1107 2504 pronomina
1133 2431 1293 2505 sequatur,
1316 2443 1389 2488 num
1410 2425 1443 2486 in

179 2523 357 2586 huiusmodi
390 2543 511 2605 qnoque
544 2525 757 2588 enuntiatione
791 2524 939 2588 adiuncta
967 2525 1181 2587 coniunctivae
1212 2525 1370 2606 legitimus
1392 2525 1444 2600 sit,

182 2643 265 2688 noua
288 2632 336 2686 est
358 2625 509 2706 quaestio.
549 2625 705 2705 Exempla
725 2626 817 2687 buius
839 2627 970 2706 generis,
994 2633 1030 2687 ut
1051 2634 1126 2689 sunt
1143 2626 1271 2699 rariora,
1289 2625 1334 2688 sic
1348 2627 1443 2690 etiam

183 2726 286 2788 minus
310 2725 459 2806 explicari
482 2726 576 2789 solita
598 2734 680 2788 sunt.
726 2726 760 2788 Si
783 2726 1091 2807 plusquamperfecto
1111 2735 1145 2788 et
1165 2727 1350 2808 imperfecta
1372 2745 1446 2790 con-

181 2827 312 2890 iunctivi
335 2828 418 2906 apud
440 2827 563 2890 Livium
578 2828 829 2908 frequentissima
848 2837 921 2890 sunt
939 2827 1019 2909 (vid.
1032 2827 1199 2890 Kuebnast
1211 2848 1241 2909 p.
1256 2823 1329 2901 237,
1343 2828 1445 2892 Drac-

181 2947 236 3008 ger
258 2928 289 2988 H
311 2927 327 3009 d
348 2927 438 3011 ool),
459 2928 522 2990 iam
545 2947 600 3008 per
621 2949 655 2990 se
678 2929 823 2990 credibile
846 2939 940 3010 atque
963 2929 1002 2990 ad
1025 2931 1117 2991 tidem
1141 2947 1270 3010 pronum
1289 2929 1444 2992 estetiam

181 3029 213 3091 in
241 3028 388 3108 perlectis
410 3038 443 3090 et
464 3029 682 3109 praesentibus
705 3049 774 3092 eum
800 3029 840 3092 ab
863 3050 921 3091 usu
944 3029 1131 3092 coniunctivi
1154 3049 1215 3092 non
1238 3030 1445 3094 abhorruisse.

183 3129 280 3192 Ouios
312 3129 436 3210 quidem
468 3129 523 3204 rei,
552 3131 578 3192 si
606 3131 680 3212 quid
708 3131 816 3193 valent
843 3132 964 3193 ‹cdioes
987 3139 1019 3193 et
1040 3132 1281 3212 praeteritarum
1302 3139 1445 3194 astatum

162 3230 302 3293 iudices
335 3230 480 3305 litterati,
512 3230 569 3294 boc
598 3232 665 3311 ipso
694 3232 761 3294 loco
784 3233 958 3312 exemplum
984 3240 1091 3294 exstat
1113 3232 1329 3295 senissimum.
1374 3230 1446 3305 Qua

182 3333 221 3394 de
249 3339 408 3394 structura
434 3332 598 3395 verborum
622 3333 709 3394 utin
732 3333 890 3412 praesenti
913 3332 1031 3414 aliquid
1053 3334 1178 3407 addam,
1201 3353 1217 3394 e
1240 3333 1385 3396 Caesada
1408 3336 1446 3398 de

183 3432 265 3496 bello
299 3431 420 3496 Gallico
453 3432 541 3495 libris
570 3433 690 3514 aliquot
719 3433 863 3514 exempla
891 3452 1040 3514 promam.
1084 3435 1183 3497 Nemo
1206 3441 1301 3516 negat
1323 3453 1392 3498 eum
1414 3433 1446 3509 6,

185 3533 221 3594 ll
257 3534 295 3596 de
330 3533 521 3614 principibus
554 3535 723 3598 lucdunum
758 3534 882 3596 Galliae
911 3535 988 3598 haec
1016 3535 1191 3616 scripsisse:
1221 3555 1293 3598 suos
1316 3535 1446 3618 quisque

182 3634 314 3716 opprimi
348 3641 381 3696 et
412 3634 626 3698 sucumveniri
659 3655 718 3700 non
753 3636 884 3716 patitur,
913 3655 1022 3717 neque,
1051 3636 1144 3698 aliter
1165 3637 1192 3698 si
1208 3635 1326 3722 facim,
1348 3636 1445 3700 ullam

181 3735 266 3800 inter
286 3755 359 3798 suos
381 3735 478 3798 babet
501 3736 739 3811 auctoritatem
761 3745 877 3818 negant
898 3757 971 3800 vero
993 3737 1198 3800 recentissimi
1221 3737 1355 3802 editores
1376 3759 1444 3802 eum

82 3895 84 3900 .
182 3835 213 3911 6,
237 3833 276 3899 19
302 3837 341 3899 de
364 3836 454 3900 bonis
475 3838 610 3900 virorum
633 3845 665 3900 et
687 3856 817 3900 uxorum
840 3840 924 3918 apud
946 3838 1057 3901 Gallos
1080 3839 1336 3901 administrandis
1357 3839 1445 3914 baec,

182 3946 218 4000 ut
252 3956 358 4002 ornnes
392 3938 461 4001 cdd.
490 3939 618 4012 babent,
641 3938 818 4019 scripsisse:
841 3939 942 4001 Huius
964 3940 1063 4001 omnis
1086 3940 1236 4020 pecuniae
1258 3939 1444 4002 coniunctim

182 4039 263 4102 ratic
298 4038 433 4102 habetur
466 4040 647 4121 fructusque
680 4047 859 4102 servantur:
895 4047 964 4102 uter
991 4059 1096 4102 eorum
1124 4040 1192 4102 vita
1213 4040 1382 4124 supererit,
1405 4041 1460 4103 ad'

184 4159 254 4203 eum
287 4157 361 4221 pers
394 4139 554 4221 utriusque
588 4159 655 4203 cum
690 4141 842 4203 fructibus
875 4141 1066 4221 superiorum
1096 4148 1270 4222 temporum
1292 4141 1444 4222 pervenit.

183 4241 288 4304 Mults
320 4248 395 4306 sunt
425 4240 567 4322 inprimis
600 4241 631 4304 in
661 4242 738 4304 libro
761 4250 850 4304 sexte
873 4241 1017 4322 exempla
1039 4242 1111 4305 huic
1132 4243 1256 4316 similia,
1278 4243 1311 4305 in
1334 4243 1445 4324 quibus

182 4342 383 4406 vehementer
419 4341 598 4423 discrepant
632 4343 747 4406 classes
781 4342 930 4418 codicum,
964 4362 1001 4404 ac
1029 4343 1167 4406 notabile
1195 4351 1244 4406 est
1265 4344 1445 4406 Mmcinnm

183 4443 272 4506 illum
304 4444 336 4506 in
371 4444 527 4525 excerptis
561 4464 599 4506 ex
627 4444 731 4507 codice
760 4443 863 4524 aliquo
893 4444 1037 4507 (laeseris
1065 4445 1189 4508 saeculo
1213 4445 1330 4508 decimo
1352 4444 1446 4508 factis

184 4551 367 4608 constanter
389 4544 617 4608 coniunctivum
642 4545 731 4608 tueri.
766 4543 835 4615 Quo
858 4552 997 4625 tempore
1020 4547 1175 4608 secundae
1198 4545 1306 4608 classis
1326 4545 1446 4608 codices

185 4645 297 4708 ceteris
325 4646 593 4726 praeferebantur,
625 4645 725 4708 multa
747 4646 922 4708 huiusmodi
945 4647 1089 4728 exempla
1111 4669 1127 4708 e
1150 4646 1290 4728 qualibet
1312 4646 1446 4709 editione

184 4747 324 4827 depromi
352 4753 508 4828 poterant,
536 4745 624 4810 velut
650 4765 689 4810 ex
710 4747 924 4810 Bsumstarkii
947 4746 1106 4830 (Friburgi
1131 4747 1242 4830 1832):
1264 4748 1295 4822 4,
1320 4749 1334 4808 l
1358 4746 1446 4810 Reli-

184 4847 246 4928 qui,
280 4848 331 4930 qui
364 4848 447 4912 domi
480 4848 662 4922 manserint,
697 4868 731 4910 se
758 4855 853 4929 atque
880 4848 951 4910 illos
980 4849 1078 4922 alunt,
1099 4848 1130 4922 4,
1152 4849 1193 4910 33
1216 4867 1283 4911 cum
1308 4869 1340 4911 se
1362 4849 1447 4912 inter

234 4989 356 5040 Frigell,
382 4991 538 5042 Eptlepesreaa
552 4992 582 5031 ad
598 4993 622 5031 T.
636 4993 698 5032 Lista·
712 4992 793 5032 librans
804 4993 908 5041 primam.
1385 4993 1398 5032 l
