3574 5632
348 609 387 663 28
544 609 743 679 Epilegomena
763 611 799 666 ad
822 611 853 666 Τ.
877 611 948 666 bivii
971 612 1073 667 librum
1097 611 1256 668 vicesimum
1278 613 1410 683 primum.

344 773 403 872 liul
436 783 628 867 stipendium
661 785 704 846 M.
737 785 870 848 Notavit
896 785 1057 867 Walberg,
1087 789 1126 849 ad
1159 786 1281 850 initium
1316 805 1423 849 versus
1456 784 1611 845 lacunam

345 901 422 956 esse,
457 903 535 964 quae
569 886 647 946 duas
681 886 728 947 vel
763 887 897 948 fortasse
920 897 984 949 tres
1007 888 1129 950 litteras
1155 907 1264 969 capere
1287 887 1433 968 potuerit.
1457 883 1613 947 decedere

344 981 458 1047 Sicilia
480 985 671 1069 stipendium
694 987 798 1067 legens
822 987 992 1050 Golbertini
1012 988 1251 1069 discrepantiam
1284 989 1432 1052 decederes
1461 983 1611 1065 ascripsi,

347 1104 403 1146 nec
436 1085 601 1166 quidquem
636 1094 807 1166 praeterea.
858 1087 907 1150 Ao
929 1091 1093 1152 »decedere
1116 1090 1241 1153 Sicilia»
1263 1089 1431 1170 separatim
1456 1095 1491 1150 nt
1512 1084 1609 1166 pacis

346 1185 553 1248 condicionem
578 1188 779 1265 pronuntiare
800 1188 910 1252 inutile
933 1200 1011 1264 erat,
1035 1190 1086 1253 ubi
1109 1193 1201 1272 paulo
1224 1200 1297 1253 ante
1320 1190 1436 1252 dictum
1461 1195 1508 1249 est
1529 1184 1610 1266 »qni

344 1286 447 1348 iussus
470 1287 509 1348 ab
533 1289 657 1350 consule
680 1296 785 1351 nostro
809 1291 996 1370 praesidium
1021 1293 1151 1354 deduxit
1164 1293 1203 1353 ab
1219 1293 1352 1374 Eryce»;
1374 1291 1405 1352 id
1422 1287 1609 1352 addendum

344 1395 422 1460 erat,
456 1389 655 1451 decedentem
683 1390 748 1452 sive
778 1391 965 1470 praesidium
989 1394 1192 1456 deducentem
1215 1393 1402 1473 stipendium
1427 1392 1500 1452 dare
1522 1407 1610 1467 pac-

346 1495 411 1549 tum
437 1509 513 1550 esse.
1232 1495 1235 1498 ’

427 1589 478 1664 42,
500 1590 520 1650 3
542 1599 571 1652 et
592 1600 627 1651 at
648 1591 796 1676 caiusque
818 1593 911 1655 Lanr.
935 1595 1031 1656 Valla
1053 1595 1281 1678 (escribcndum
1306 1602 1355 1656 est
1376 1595 1422 1655 Ut
1441 1591 1607 1670 cuiusque,

345 1690 392 1751 vel
417 1691 460 1751 Et
481 1697 516 1752 ut
539 1690 729 1773 cuiusqneet,
751 1694 834 1774 Mvg.
858 1705 886 1756 et
915 1696 1063 1780 caiusque
1084 1697 1173 1758 Pom
1196 1695 1304 1759 Alscb.
1318 1705 1351 1756 at
1366 1691 1605 1776 cuiasqaeedd.

345 1799 418 1852 ante
442 1790 548 1852 Alsch.
571 1792 662 1854 st.
688 1795 735 1854 ed.
761 1795 787 1854 l.
812 1797 960 1880 caiusque
986 1797 1061 1858 Wfl.
1085 1798 1175 1859 st.
1199 1799 1246 1858 ed.
1270 1797 1300 1858 6.
1335 1795 1457 1858 Colleto
1479 1794 1546 1854 loco
1568 1789 1605 1865 9,

344 1890 437 1964 31,9
471 1893 522 1968 (ut
555 1893 684 1975 quisque
718 1894 906 1958 liberaverat
939 1918 971 1958 se
1002 1919 1102 1971 onere,
1126 1899 1164 1959 ad
1188 1899 1278 1977 signa
1300 1896 1434 1976 undique
1458 1893 1604 1970 coibant)

341 1992 512 2065 Woelfflin,
547 1994 572 2054 si
607 1995 760 2057 scribatur
793 2006 843 2057 »et
876 2007 911 2059 ut
939 1999 1113 2079 cuiusque»,
1137 2000 1262 2060 verbum
1286 1997 1406 2077 plurale
1429 1995 1599 2058 desiderat.

343 2095 462 2154 Durum
496 2102 601 2155 tamen
636 2115 672 2158 ac
705 2097 868 2160 molestum
904 2107 972 2161 erat
998 2100 1135 2161 »alacres
1163 2100 1246 2162 inter
1268 2099 1463 2179 gratulantes
1485 2095 1600 2176 gaudio

342 2194 557 2256 exsultantes.
571 2240 578 2255 .
592 2241 599 2256 .
613 2215 700 2257 arma
721 2198 835 2277 raptim
873 2200 1071 2279 capiebant»;
1108 2208 1280 2281 praeterea,
1307 2200 1333 2261 si
1356 2209 1384 2260 et
1407 2195 1599 2267 admittitur,

346 2293 490 2378 capiebat
512 2316 578 2358 cum
603 2315 648 2371 eo,
672 2299 751 2378 quod
776 2301 943 2379 praecedit,
966 2301 1095 2384 optabat
1117 2301 1319 2364 connectitur.
1364 2300 1440 2362 Cum
1466 2307 1500 2359 ut
1529 2296 1600 2376 ple-

341 2396 436 2476 rique,
469 2405 591 2459 retento
624 2398 715 2460 simul
748 2409 786 2474 et,
820 2401 953 2464 inserere
982 2402 1091 2476 nolint,
1120 2409 1214 2484 atque
1245 2401 1353 2474 exiis,
1376 2419 1456 2481 quae
1479 2399 1600 2460 habeut

343 2498 422 2570 cdd,
445 2498 650 2582 etesiaeque,
674 2508 730 2562 aut
751 2509 779 2562 et
801 2510 858 2564 aut
880 2525 939 2586 que
961 2503 1136 2565 elidendum
1160 2503 1212 2576 sit,
1234 2503 1318 2564 haud
1340 2501 1403 2562 scio
1416 2520 1457 2562 an
1472 2497 1600 2562 consul-

343 2597 416 2670 tius,
449 2619 508 2681 que
540 2599 677 2674 dimisso,
711 2610 739 2662 et
772 2602 861 2664 cuius
893 2603 1058 2679 scribatur,
1087 2605 1167 2685 quod
1190 2604 1220 2664 in
1245 2602 1453 2682 compluribus
1477 2600 1546 2662 cdd.
1567 2605 1601 2658 et

345 2700 414 2760 edd.
448 2719 515 2761 esse
549 2708 686 2763 testatur
714 2701 946 2766 Drakenborch.
997 2704 1073 2767 Cum
1099 2705 1168 2766 aliis
1191 2705 1265 2766 locis
1288 2725 1346 2786 que
1368 2702 1447 2764 laiso
1470 2699 1600 2763 additur

342 2808 408 2862 tnm
434 2803 461 2872 l,
483 2800 534 2874 24,
556 2802 575 2862 3
599 2811 633 2863 ut
655 2803 803 2887 ccictsqce
825 2813 873 2867 est
896 2824 949 2885 pro
974 2825 1019 2878 eo,
1054 2806 1135 2886 quod
1168 2806 1229 2866 iam
1261 2804 1358 2885 magis
1382 2803 1542 2883 probatur,
1564 2809 1600 2862 at

343 2921 441 2963 curua

422 3001 474 3075 43,
499 3003 512 3063 l
540 3001 619 3066 Cum
640 3004 721 3078 Blrr,
756 3006 844 3068 st.
868 3006 960 3087 Mvg‚
993 3008 1067 3070 wfl.
1092 3007 1167 3069 dum
1189 3008 1278 3071 ΡΟΜ
1303 3007 1382 3068 1.3.
1415 3007 1498 3084 Meg.
1521 3003 1598 3065 Ald.

341 3103 414 3166 Sob.
439 3104 543 3178 ceteri,
566 3103 595 3166 in
621 3105 731 3186 quibus
754 3107 816 3187 qui,
840 3109 898 3169 etsi
921 3108 980 3187 ipsi
1000 3110 1075 3171 dum
1097 3117 1234 3183 servant,
1264 3129 1334 3170 cam
1362 3105 1455 3168 scribi
1477 3104 1598 3176 iubent,

342 3204 438 3267 Gron.
462 3204 550 3266 Crev.
574 3206 724 3287 Doerlng,
747 3209 907 3290 Kreyssig.
951 3211 1021 3271 Tali
1051 3212 1140 3272 modo
1174 3217 1323 3290 sequente
1356 3209 1598 3288 plusquamper-

340 3307 422 3368 fecto
456 3304 532 3367 dam
553 3306 584 3367 in
609 3327 665 3368 usn
689 3308 783 3371 luisse
813 3329 872 3370 non
896 3319 1001 3389 potest
1024 3311 1093 3372 aliis
1116 3311 1265 3392 exemplis
1288 3309 1422 3389 probari.
1466 3306 1598 3386 Legitur

341 3408 462 3488 quidem
498 3414 529 3470 et
561 3408 592 3469 iu
623 3409 765 3471 omnibus
788 3411 856 3472 cdd.
882 3419 914 3472 et
935 3412 966 3473 in
990 3413 1058 3475 edd.
1082 3420 1159 3474 vett.
1183 3413 1234 3486 23,
1260 3409 1596 3489 10,12Maginsde-

339 3516 482 3588 portatus
517 3510 556 3571 ad
590 3510 815 3584 Ptolemaeum,
849 3512 933 3574 dum
968 3533 1036 3575 eum
1066 3513 1231 3586 docuisset,
1261 3511 1439 3574 contraius
1462 3507 1595 3570 foederis

340 3608 477 3670 vinctum
502 3629 534 3670 se
558 3610 597 3671 ab
620 3610 797 3674 Hannibale
820 3633 897 3687 esse,
921 3613 1029 3676 vinclis
1053 3615 1216 3690 liberatum
1245 3615 1299 3676 sed
1324 3620 1449 3674 auctore
1472 3609 1596 3674 Grono-

340 3709 390 3771 vio
412 3709 473 3770 iam
497 3710 612 3772 dudum
637 3711 770 3774 editores
793 3734 871 3776 cum
896 3715 1100 3778 substituunt.
1145 3715 1209 3778 Vix
1234 3712 1442 3776 memorabilis
1456 3718 1506 3772 est
1516 3710 1595 3771 haec

342 3809 553 3890 discrepantia
576 3811 703 3874 Gruteri
727 3814 918 3897 aliorumque
941 3817 1166 3890 nonnullorum,
1188 3818 1239 3890 23,
1262 3816 1313 3889 48,
1336 3817 1355 3876 3
1378 3811 1540 3877 Gracchus
1562 3809 1591 3871 iu

339 3909 456 3990 Apulia
478 3911 613 3992 legiones
647 3914 729 3976 dum
764 3917 963 3990 duxisset,
997 3917 1158 3979 Valerium
1181 3919 1253 3980 inde
1275 3915 1473 3978 Brundisium
1498 3911 1592 3984 misit,

338 4013 408 4073 Per.
433 4013 484 4074 lib.
508 4013 642 4092 281pse
665 4015 770 4094 Scipio
793 4018 874 4079 dum
899 4019 984 4098 gravi
1009 4019 1115 4080 morbo
1138 4018 1307 4098 implicitus
1329 4028 1437 4080 esset
1463 4012 1594 4076 seditio-

339 4114 462 4175 nemin
486 4121 576 4193 parte
599 4115 753 4178 exercitus
776 4127 891 4180 motam
915 4121 1114 4181 confirmatus
1137 4121 1293 4182 discussit.
1337 4113 1593 4180 Scribiturhodie

339 4214 392 4275 illo
416 4215 480 4276 loco
504 4235 584 4276 cum
608 4217 759 4291 duxisset,
782 4219 839 4281 hoo
862 4223 934 4281 dum
957 4220 1127 4300 implicitus
1146 4228 1213 4284 est.
1258 4219 1304 4281 At
1321 4215 1495 4298 imperfecti
1518 4233 1593 4276 con-

338 4315 467 4376 iunctivi
491 4323 562 4394 post
585 4315 659 4377 dcem
682 4319 773 4397 positi
797 4320 828 4382 in
851 4321 971 4402 Epileg.
995 4323 1035 4383 ad
1059 4321 1111 4382 lib.
1134 4323 1159 4383 Ι.
1183 4341 1212 4401 p.
1235 4319 1276 4383 59
1299 4318 1441 4398 exempla
1467 4315 1593 4396 protuli,

340 4417 379 4478 ad
404 4435 483 4497 quae
505 4416 593 4489 haec,
617 4437 695 4498 quae
719 4420 819 4483 minus
842 4431 928 4484 certa
950 4431 1033 4496 suut,
1056 4424 1185 4485 addam:
1219 4419 1269 4495 29,
1293 4423 1343 4494 23,
1368 4421 1381 4481 l
1412 4419 1494 4481 Dum
1517 4417 1595 4478 lmec

342 4518 424 4597 apud
447 4517 604 4580 Romanos
627 4531 869 4600 gererentur,
893 4523 1165 4604 Carthaginienses
1188 4543 1328 4604 quoque.
1353 4567 1360 4582 .
1384 4567 1391 4581 .
1414 4520 1498 4581 hand
1522 4536 1596 4599 par-

247 4667 252 4674 .
338 4637 410 4680 vum
435 4618 547 4699 stipsi
569 4621 706 4683 tuendae
729 4623 856 4686 Africae
880 4633 1067 4687 momentum
1093 4625 1282 4688 adiecerunt.
1303 4631 1451 4706 gereretur
1477 4621 1514 4693 P,
1540 4639 1594 4702 qe·

338 4729 481 4781 sereretur
501 4720 530 4780 3.
554 4721 636 4802 Mog.
658 4720 730 4788 Ald.
754 4723 851 4806 Gryn.
873 4735 1026 4808 peraretur
1047 4726 1146 4789 Rhen.
1170 4743 1237 4806 sqq.
1253 4725 1324 4786 Per.
1337 4723 1389 4784 lib.
1402 4723 1443 4784 30
1457 4723 1550 4802 Mago
1564 4766 1592 4782 ..

340 4818 531 4892 vulneratus,
554 4823 626 4884 dnm
650 4823 681 4884 in
705 4823 845 4888 Africam
868 4835 1032 4889 revocatus
1054 4832 1272 4901 reverteretur,
1302 4845 1340 4888 ex
1362 4824 1488 4888 vulnere
1511 4840 1595 4885 mor·
