3584 5632
486 639 687 727 mmmmm
708 653 745 710 ee
766 653 799 710 r.
822 651 895 710 mm
917 653 1020 710 namn
1040 651 1171 724 penum.
1415 652 1456 710 re

166 831 221 886 ut
260 826 305 888 ab
333 843 373 888 ea
399 825 505 890 soluta
531 832 565 888 et
591 825 691 889 libera
716 824 768 888 sit.
812 824 918 888 Etiam
944 825 976 888 in
1003 823 1053 899 iis,
1080 843 1160 906 qnae
1182 823 1329 906 pendent,
1351 823 1460 888 Livius

165 925 357 990 interdum
385 945 495 1007 parum
524 925 642 1008 rigidus
669 933 727 1001 est,
755 926 844 989 utin
866 926 920 988 illo
943 926 1095 1006 exemplo,
1117 927 1156 989 de
1178 945 1238 1006 quo
1260 925 1328 1005 ipse
1350 925 1460 988 admo-

170 1034 253 1090 net
283 1027 421 1109 Madvig,
449 1022 479 1102 7,
501 1028 532 1104 4,
552 1028 575 1090 4
597 1026 725 1091 Crimini
748 1027 776 1090 ei
797 1027 942 1090 tribunus
962 1027 1071 1102 dabat,
1094 1028 1176 1108 quod
1197 1026 1294 1089 lilium
1316 1026 1459 1089 iuvenem

174 1147 360 1209 ...prope
386 1127 418 1190 in
447 1129 637 1211 ergastulum
666 1127 797 1203 dederit,
825 1129 875 1190 vel
901 1128 934 1191 in
962 1128 1033 1203 alio,
1061 1129 1143 1210 quod
1165 1127 1275 1190 attulit
1296 1125 1459 1190 Weissen-

173 1229 289 1304 born,
310 1229 362 1304 44,
387 1230 436 1304 13,
460 1231 500 1292 12
521 1229 620 1292 tradit
641 1225 820 1314 (Valerius)
843 1249 900 1292 nec
921 1249 991 1292 eum
1013 1229 1116 1312 gretia
1138 1229 1178 1292 ab
1197 1229 1323 1294 consule
1338 1229 1462 1308 prolec-

177 1337 269 1392 tum
292 1330 496 1415 (Eumenem)
518 1331 550 1393 in
571 1329 694 1405 Asiam,
722 1329 929 1411 indignatum,
952 1331 1043 1411 quod,
1066 1337 1102 1394 ut
1122 1328 1232 1394 iisdem
1256 1328 1368 1393 castris
1389 1336 1461 1392 ten·

179 1431 295 1494 deret*
317 1431 502 1512 permissum
523 1451 585 1494 non
608 1431 711 1494 luerit.
754 1431 870 1495 Nostro
893 1439 998 1494 eutem
1021 1433 1087 1495 loco
1109 1431 1159 1494 vel
1182 1431 1222 1494 ad
1244 1430 1341 1494 talem
1364 1429 1461 1493 licen-

178 1531 280 1594 tiam
309 1533 475 1614 confugere
503 1552 564 1596 non
591 1551 669 1614 opus
696 1531 766 1595 luit.
810 1531 947 1596 Servata
968 1532 1112 1614 obliquae
1134 1531 1283 1597 orationis
1305 1531 1461 1614 significa-

181 1633 287 1696 tione
307 1651 363 1714 per
385 1653 419 1696 se
440 1641 524 1698 reete
547 1633 724 1698 dicebatur:
747 1633 870 1696 Invidia
891 1633 987 1714 vulgi,
1010 1633 1092 1715 quud
1108 1632 1210 1696 tribus
1227 1633 1379 1696 militibus
1397 1634 1461 1695 tor-

184 1741 280 1798 tuns
301 1733 427 1815 publica
449 1735 614 1799 commissa
636 1733 744 1796 fuerit:
771 1753 843 1796 nam
865 1734 1024 1798 obversari
1046 1734 1149 1798 animo
1172 1733 1337 1796 scribentis
1358 1733 1462 1813 potuit

187 1853 351 1916 praeseus
388 1835 569 1900 historicum
601 1835 727 1898 Invidet
758 1835 881 1918 vulgus,
914 1837 996 1916 quud
1018 1871 1060 1882 -
1081 1855 1191 1898 comm.
1225 1833 1320 1898 luerit
1351 1832 1462 1918 (idque

189 1955 317 1998 vanum
339 1936 496 2018 ingenium
519 1936 682 2000 dictatoris
704 1936 873 2018 corrupit);
896 1956 959 2017 qua
974 1956 1008 1998 re
1025 1935 1191 2000 enuntiata
1204 1934 1462 2000 orationem'eon·

191 2037 325 2100 tinuare
346 2037 463 2100 licebat
484 2037 536 2102 vel
556 2036 715 2119 praesenti
736 2037 884 2100 historico
906 2037 955 2100 vel
977 2039 1128 2118 perlecto,
1150 2057 1248 2120 neque
1269 2036 1329 2100 lrec
1351 2037 1392 2100 ad
1414 2057 1462 2111 ea,

197 2138 336 2220 quaein
359 2139 547 2220 cogitatione
569 2147 815 2220 praecesserant,
838 2140 990 2202 mumnda
1013 2138 1110 2202 ullam
1132 2138 1195 2202 vim
1216 2137 1367 2202 habebat.

286 2233 338 2314 27,
360 2239 381 2302 5
402 2238 453 2304 Hi
474 2251 503 2304 et
524 2241 559 2303 in
581 2241 648 2304 acie
670 2245 726 2304 ctt.
759 2239 806 2303 Ut
826 2238 909 2302 inter
931 2240 1121 2304 confluentes
1143 2239 1275 2304 Anienis
1292 2247 1324 2302 et
1342 2239 1464 2302 Tiberis

201 2348 236 2402 et
264 2340 401 2404 Fidenas
429 2341 579 2406 Veientes
607 2341 744 2404 Tiberim
772 2340 974 2416 transierant,
996 2340 1042 2404 sic
1063 2341 1158 2404 etiam
1181 2341 1213 2404 in
1235 2340 1302 2404 acie
1324 2340 1463 2421 proxime

200 2441 262 2504 hoc
287 2441 401 2506 llumen
428 2442 568 2506 stabant.
611 2443 724 2524 Itaque
752 2441 877 2506 minime
899 2441 1071 2506 tollendum
1093 2451 1132 2518 et,
1155 2449 1191 2506 ιιι
1213 2440 1351 2506 nonnulli
1373 2441 1464 2504 volu·

202 2550 304 2606 erunt.
349 2543 396 2606 of.
422 2543 522 2617 ο.25,
546 2545 584 2606 14
607 2550 706 2606 utet.

287 2637 339 2719 27,
360 2644 381 2706 8
402 2645 557 2708 invadunt
579 2644 674 2708 etiem
696 2643 807 2706 Bamb.
829 2644 857 2707 B
879 2643 975 2724 Magl.
998 2643 1126 2708 habent.
1139 2643 1344 2727 -eripereat
1361 2641 1466 2706 iubeat

200 2743 288 2808 FPU
308 2746 421 2809 Bamb.
455 2746 493 2809 ln
515 2746 550 2809 M
572 2745 736 2828 genuinum
759 2745 900 2820 verbum,
921 2751 957 2807 ut
978 2745 1103 2826 saepius
1126 2746 1163 2808 lit
1183 2745 1215 2809 in
1233 2743 1348 2826 duplici
1366 2743 1463 2824 scrip·

203 2853 286 2920 tura,
317 2846 497 2928 glossemati
518 2846 707 2910 immixtum.
751 2844 899 2926 Spurium
923 2865 990 2910 esse
1013 2845 1202 2910 iubentium
1224 2845 1350 2910 Medius
1370 2845 1466 2908 intel-

201 2948 334 3011 luxerat.

287 3042 400 3124 27,11
430 3049 512 3112 irater
532 3045 635 3136 sagae
656 3069 846 3134 perpetueque
873 3047 1050 3123 consiliam,
1077 3050 1116 3113 de
1137 3049 1187 3125 iis,
1209 3048 1261 3130 qui
1284 3049 1360 3130 fuga
1380 3047 1466 3111 salu-

203 3158 268 3212 tem
291 3156 399 3231 petere
420 3151 547 3226 vellent,
573 3151 628 3214 sed
650 3170 711 3214 non
733 3159 873 3232 possent,
895 3150 1009 3232 quippe
1032 3151 1085 3232 qui
1105 3149 1231 3214 flumine
1254 3149 1468 3214 detinerentur

204 3271 242 3316 ac
264 3251 452 3315 necessitate
475 3252 575 3316 coacti
596 3259 782 3334 pugnarent.
825 3253 853 3316 E
877 3252 1030 3316 contrario
1055 3251 1104 3327 14,
1125 3252 1146 3314 8
1166 3254 1249 3314 inter
1270 3268 1393 3332 pugnae
1415 3251 1467 3312 fu-

205 3371 324 3436 gaeque
351 3352 513 3418 consilium
535 3353 650 3418 dieitur
672 3354 710 3417 de
733 3352 900 3435 equitibus,
924 3353 976 3434 qui
998 3373 1032 3417 se
1054 3372 1193 3436 pugnare
1214 3351 1306 3426 velle,
1328 3351 1383 3414 sed
1406 3371 1467 3414 uon

204 3455 320 3518 audere
342 3453 535 3519 simularent.
569 3454 645 3519 eod.
667 3454 698 3517 U
719 3454 752 3519 iu
775 3455 977 3518 collocatione
999 3455 1162 3518 verborum
1185 3453 1300 3516 nulllus
1323 3459 1371 3515 est
1391 3471 1467 3516 auc·

203 3554 354 3618 toritatis.

288 3654 340 3731 29,
363 3654 383 3719 6
409 3655 487 3720 arde
513 3656 620 3721 Madv.
648 3654 756 3719 urbem
784 3656 853 3719 cdd.
879 3656 949 3719 edd.
971 3655 1069 3740 (quae
1092 3675 1167 3720 casu
1189 3655 1318 3720 fortuito
1340 3673 1467 3735 permu-

205 3765 277 3822 tata
310 3758 441 3838 praebet
474 3757 608 3821 Collatia
642 3755 737 3842 mea).
781 3757 887 3820 Etiam
916 3757 987 3821 aliis
1014 3758 1200 3839 quibusdam
1228 3757 1304 3820 locis
1326 3755 1467 3818 Liuianis

206 3857 313 3923 allatis
345 3865 486 3922 statuere
518 3858 683 3922 voluerunt
710 3857 809 3922 critici
835 3866 920 3922 recte
943 3859 1003 3922 dici
1026 3859 1130 3941 egredi
1152 3859 1259 3922 urbem
1283 3865 1316 3921 et
1337 3857 1466 3922 similia:

205 3962 235 4035 3,
258 3955 309 4034 57,
334 3960 374 4024 10
403 3959 584 4042 priusquam
617 3961 725 4022 urbem
758 3961 978 4040 egrederentur
1010 3961 1077 4024 cod.
1110 3961 1226 4024 Veron.
1254 3959 1289 4022 M
1312 3958 1467 4041 ceterique

205 4068 331 4142 praeter
358 4060 587 4142 transalpinum
616 4062 669 4136 22,
691 4060 743 4136 55,
764 4059 785 4123 8
813 4061 917 4143 egredi
940 4063 1047 4126 urbem
1071 4064 1137 4126 cod.
1160 4062 1233 4124 Put.
1256 4060 1384 4146 (reliqui
1406 4079 1466 4124 non

205 4160 305 4247 noti);
332 4159 383 4237 29,
405 4161 436 4236 6,
457 4163 479 4226 4
506 4161 621 4244 egressi
650 4161 776 4244 quidam
799 4162 906 4226 urbem
929 4164 1003 4226 Ριιι.
1026 4164 1192 4226 accedente
1215 4181 1276 4227 uno
1298 4160 1467 4225 Laurenti-

206 4283 266 4327 ano
297 4261 390 4347 (arbe
417 4270 487 4327 octo
510 4265 579 4326 cdd.
602 4263 709 4328 collati
731 4283 751 4326 a
772 4262 918 4339 Luchsio,
940 4265 993 4346 qui
1015 4265 1073 4327 hoc
1094 4261 1261 4349 praetulit)
1268 4283 1278 4339 ;
1300 4264 1352 4337 35,
1374 4260 1425 4336 46,
1447 4261 1468 4322 4

206 4383 276 4428 cum
307 4364 394 4428 haud
427 4365 533 4445 procul
566 4371 691 4446 portum
725 4384 867 4446 egressus
898 4373 981 4428 esset
1008 4364 1466 4441 Pal.1,44‚13,12navem

206 4485 340 4548 egresso,
373 4466 443 4530 edd.
476 4466 569 4530 Freb.
601 4465 693 4531 Grut.
722 4485 789 4548 sqq.
813 4463 909 4550 (nave
932 4467 999 4542 cod.
1022 4467 1116 4530 Vind.
1140 4467 1210 4530 edd.
1232 4467 1340 4530 Madv.
1365 4459 1468 4546 Wb.).

206 4567 402 4632 coniunctim
436 4567 633 4649 potissimum
664 4567 828 4650 synonymi
858 4568 946 4630 verbi
974 4568 1143 4632 excedendi
1165 4567 1317 4631 rationem
1339 4565 1469 4637 habent,

207 4667 297 4732 cuius
317 4668 461 4750 exempla
481 4670 607 4750 prolata
628 4674 702 4732 sunt
723 4670 754 4744 2,
776 4661 827 4742 37,
849 4668 870 4730 8
892 4669 999 4732 urbem
1023 4671 1209 4732 excederent
1231 4663 1468 4750 MRPU(urbe

206 4769 296 4832 Harl.
319 4768 358 4854 1),
383 4771 432 4845 10,
456 4769 505 4846 18,
530 4771 566 4833 11
591 4777 628 4832 ut
649 4769 840 4850 provinciam
864 4776 952 4832 tuam
976 4771 1141 4834 excederes
1163 4769 1269 4832 Lovel.
1291 4769 1322 4832 3.
1344 4766 1469 4852 (siluae

205 4870 300 4936 lectio
334 4889 396 4936 non
430 4871 619 4955 displiceret,
652 4872 679 4934 si
711 4869 817 4953 plures
850 4889 888 4936 ac
917 4871 1063 4938 certiores
1091 4873 1178 4935 codd.
1208 4889 1276 4936 eam
1298 4870 1469 4937 firmarent.
