3574 5632
388 627 589 700 lbrilagomena
611 627 646 682 ud
668 627 700 683 Τ.
725 628 795 684 bivii
817 628 920 683 librum
945 629 1103 684 vicesimum
1128 628 1256 697 primum.
1422 621 1460 684 27

206 807 365 863 mutatum
401 821 484 876 esse;
518 801 618 883 qualis
651 801 797 864 illecebra
829 802 859 865 in
895 799 1080 863 contrariam
1111 809 1229 880 partem
1255 821 1313 864 nou
1338 802 1463 864 aderat:

207 903 419 983 quamobrem,
453 909 489 964 ut
521 903 694 983 exemplum
729 904 880 977 adseram,
915 902 1001 965 Gort.
1022 902 1054 976 4,
1077 901 1127 974 34,
1153 902 1190 962 10
1214 921 1268 982 per
1290 921 1323 963 so
1345 903 1463 965 firmius

208 1010 277 1064 stat
310 1003 447 1066 codicum
478 1004 662 1083 optimorum
698 1015 791 1086 atque
815 1005 982 1067 editionum
1006 1011 1145 1065 veterum
1169 1003 1324 1083 scriptura
1346 1011 1464 1086 quauta

207 1103 344 1166 masdrae
377 1102 531 1167 eeleritate
558 1106 665 1189 poluit
699 1124 788 1187 quam
813 1107 892 1186 quod
917 1105 1085 1165 emendant
1106 1113 1225 1188 quanto
1246 1105 1387 1166 mumma
1409 1102 1462 1166 cel.

206 1206 321 1292 potuit.
371 1205 435 1266 Vix
458 1207 553 1267 verba
576 1204 613 1277 Q.
638 1206 761 1270 Claudii
785 1204 982 1286 Quadrigarii
1006 1205 1107 1285 (scum
1132 1225 1205 1267 voce
1229 1206 1365 1267 maxima
1390 1225 1463 1269 oon-

209 1307 369 1387 clamatn),
403 1326 483 1388 quae
516 1307 612 1369 refert
645 1306 766 1370 Gellius
800 1305 830 1381 9,
866 1308 914 1380 13,
948 1306 1106 1368 sufficiunt
1134 1308 1172 1367 ad
1196 1306 1400 1385 suspicionem
1424 1307 1464 1368 ab

206 1407 266 1468 hoc
299 1407 381 1469 dicto
415 1407 545 1470 Liviano
579 1409 797 1470 removendam
832 1403 861 1482 7,
884 1406 913 1481 9,
936 1407 956 1468 8
979 1406 1090 1469 Gallus
1113 1407 1264 1486 processit
1292 1415 1324 1468 et
1347 1427 1465 1489 quan·

208 1516 287 1570 tum
322 1508 489 1570 maxima
521 1529 595 1570 voce
619 1509 730 1589 potuit,
754 1508 853 1580 Quem
880 1528 969 1582 nunc,
992 1507 1093 1588 inquit
1116 1515 1174 1568 cet.
1219 1508 1335 1588 Utique
1358 1509 1395 1568 iis
1418 1509 1464 1570 lo-

208 1609 263 1682 cis,
296 1608 348 1671 ubi
372 1609 550 1671 adverbium
575 1611 710 1672 oracione
732 1618 859 1672 servant
882 1611 961 1682 cdd„
984 1608 1015 1669 id
1039 1608 1188 1688 corrigere
1211 1609 1313 1670 conari
1338 1629 1373 1670 eo
1396 1629 1464 1671 ma·

207 1709 255 1790 gis
289 1708 485 1772 temerarium
521 1718 579 1782 est,
613 1713 693 1792 quod
716 1710 799 1773 illam
825 1709 944 1773 dicendi
968 1708 1119 1771 rationem
1142 1718 1225 1772 recte
1249 1709 1384 1790 cogitato
1408 1710 1464 1772 niti

210 1831 298 1872 nemo
333 1811 454 1892 quidem
489 1810 682 1873 infitiabitur.
740 1811 828 1882 Quod
866 1814 905 1872 ad
936 1812 1034 1872 locum
1059 1810 1158 1872 Curtii
1181 1829 1279 1889 nuper
1302 1811 1462 1873 laudatum

151 1939 154 1942 ·
210 1912 374 1972 adnotavit
408 1913 537 1992 Zumpt:
560 1911 627 1973 «Ad
652 1913 681 1973 id
707 1913 787 1993 quod
810 1921 859 1974 est
881 1922 1016 1996 quantus
1039 1931 1097 1972 non
1122 1912 1265 1972 convenit
1288 1912 1345 1974 nisi
1359 1912 1464 1973 adiec-

210 2012 307 2073 tivum
343 2033 410 2074 cum
441 2031 558 2092 posse»,
582 2013 716 2094 quinque
739 2015 876 2075 adverbii
902 2013 1052 2092 exemplis
1075 2012 1214 2073 Liuianis
1237 2032 1332 2093 supra
1359 2013 1464 2074 allatis

208 2113 371 2188 rel'cllitur,
405 2115 658 2194 commodumque
693 2115 790 2194 magis
824 2136 914 2196 quam
950 2113 1110 2195 providum
1145 2113 1238 2174 luerit
1266 2133 1463 2194 responsum:

209 2215 340 2276 «dudum
366 2222 456 2276 eraut
478 2215 684 2294 corrigenda».

293 2315 344 2389 41,
367 2315 386 2376 5
409 2315 606 2399 improuidus
631 2317 808 2379 coniectura
829 2316 1023 2390 Woelfflinii‚
1046 2335 1136 2396 quarn
1161 2315 1278 2395 recepit
1295 2317 1379 2396 Mvg.
1402 2317 1464 2376 im-

204 2417 355 2500 prouisus
376 2417 444 2477 cdd.
468 2416 537 2478 edd.
583 2417 630 2479 Of.
656 2418 704 2490 10,
727 2419 778 2491 32,
800 2417 820 2478 8
842 2417 1013 2498 Improviso
1037 2416 1192 2496 oppressis
1216 2437 1271 2476 nec
1294 2416 1387 2478 animi
1411 2435 1462 2478 sa-

211 2517 252 2578 tis
277 2518 315 2578 ad
339 2517 544 2578 resistendum
568 2538 624 2579 neo
647 2518 755 2580 virium
781 2518 850 2592 luit,
872 2519 891 2578 i.
916 2539 939 2579 e.
964 2517 1119 2597 oppressis
1142 2517 1290 2578 Romanis
1305 2517 1380 2578 nihil
1394 2537 1466 2598 pro-

209 2618 397 2679 videntibus.
442 2619 554 2698 Itaque
588 2619 638 2699 qui
669 2618 743 2680 nihil
768 2620 931 2698 providens
955 2617 1148 2698 opprimitur,
1172 2617 1196 2678 si
1220 2618 1387 2696 improviso
1409 2639 1466 2698 op-

212 2718 301 2798 primi
325 2718 447 2792 dicitur,
471 2718 564 2781 otiam
588 2719 773 2800 improvisus
796 2720 927 2800 opprimi
951 2720 1009 2781 dici
1033 2727 1147 2799 potest,
1171 2739 1189 2779 a
1211 2719 1300 2781 Livio
1324 2738 1465 2799 praeser-

212 2820 278 2893 tirn,
312 2820 363 2900 qui
397 2819 428 2881 in
463 2819 612 2882 eiusmodi
635 2841 667 2882 re
690 2821 822 2882 libenter
845 2820 1007 2882 adiectivis
1029 2840 1084 2900 pro
1108 2819 1262 2881 adverbiis
1287 2820 1394 2882 utitur.
1439 2822 1465 2882 E

211 2941 268 2982 sua
300 2920 393 3001 igitur
428 2922 649 2983 consuetudine
683 2942 728 2996 eo,
762 2922 812 3003 qui
843 2923 943 2995 adest,
973 2921 1037 2983 loco
1061 2929 1125 2982 tum
1150 2920 1335 2999 improvisus
1358 2923 1464 2984 eodem

211 3041 303 3083 sensu
327 3022 429 3082 activo
452 3021 585 3083 scribere
609 3022 635 3083 ci
660 3023 784 3095 licebat,
807 3043 902 3105 quare
925 3042 984 3084 non
1008 3022 1106 3102 magis
1130 3021 1273 3082 adiectivi
1298 3042 1389 3103 quam
1409 3025 1465 3084 ad-

214 3121 309 3184 verbii
334 3142 407 3184 usus
429 3122 655 3202 vituperandus
678 3133 735 3185 est.

295 3225 342 3284 Ib.
365 3221 513 3286 lacessere
535 3245 572 3285 oc
594 3223 714 3286 trabere
736 3227 769 3286 M
793 3227 862 3287 edd.
886 3227 973 3287 Haeo
996 3227 1093 3286 refert
1119 3223 1244 3285 Alscb.:
1277 3225 1335 3286 »cz
1365 3225 1465 3287 laces-

213 3343 279 3386 sere
303 3325 487 3386 retrahere».
532 3325 579 3386 Ea
613 3344 684 3387 vero
718 3334 765 3387 est
799 3326 841 3387 ibi
876 3327 1008 3387 mutatio
1038 3326 1123 3387 facta
1145 3345 1184 3385 rn.
1208 3326 1248 3398 2.,
1272 3345 1342 3386 uam
1367 3326 1466 3404 prima

213 3424 368 3504 scriptura
390 3426 450 3488 luit
472 3424 637 3488 lacesseret
658 3425 823 3500 retrabere,
856 3427 903 3489 ita
932 3435 967 3490 ut
989 3427 1067 3488 satis
1091 3433 1232 3505 apertum
1256 3425 1298 3487 sit
1320 3423 1467 3490 lacescere

212 3547 249 3588 oc
270 3525 301 3587 in
325 3524 489 3589 lacesseret
512 3528 635 3601 abiisse,
659 3536 798 3608 perstare
820 3526 976 3590 retrabere
999 3527 1086 3608 quasi
1108 3527 1139 3588 in
1163 3527 1227 3588 solo
1250 3528 1383 3607 proprio.
1416 3528 1465 3592 Ao

213 3627 323 3690 fortius
355 3628 431 3690 illud
466 3629 592 3690 verbum
627 3628 684 3690 hoc
719 3629 783 3691 loco
817 3630 1011 3710 aptissimum
1043 3627 1116 3689 mihi
1140 3627 1270 3689 videtur.
1315 3629 1467 3710 Loquitur

214 3727 293 3790 enim
328 3729 432 3809 Scipio
466 3731 504 3792 de
536 3729 714 3792 Hannibale
748 3731 886 3812 fugiente
920 3733 1044 3814 (cymen
1072 3729 1106 3790 io
1128 3728 1255 3791 modum
1271 3728 1467 3815 sapientium

213 3830 332 3914 raptim
365 3829 540 3913 affabatur),
574 3851 663 3912 quem
698 3831 857 3894 retrahere
892 3840 1021 3894 conatus
1055 3838 1138 3892 esset
1167 3831 1206 3891 ad
1230 3831 1467 3895 decernendum.

212 3931 434 4012 Parvulgaturn
469 3941 518 3994 881
549 3932 707 3994 retrabere
737 3932 870 4014 aliquem
899 3933 1067 4012 lugientem
1091 3929 1148 4015 (ex
1170 3931 1254 4012 fuga,
1282 3951 1319 3994 ex
1342 3933 1467 4014 itinere)

214 4051 268 4111 pro
292 4052 327 4094 eo
351 4035 431 4114 quod
455 4042 503 4096 est
526 4034 640 4096 reverti
664 4052 782 4113 cogere,
804 4034 879 4096 item
903 4034 1083 4114 pertrahere
1107 4033 1144 4094 de
1162 4032 1211 4106 iia,
1246 4033 1296 4113 qui
1325 4036 1365 4096 ad
1388 4055 1467 4116 pug-

213 4151 284 4194 nam
309 4141 403 4215 atque
427 4137 464 4196 ad
489 4135 668 4199 insidiarum
693 4135 761 4197 loca
789 4135 954 4197 eliciuntur
983 4134 1049 4218 (21,
1072 4133 1123 4207 54,
1144 4133 1174 4195 4.
1207 4135 1258 4205 22,
1284 4135 1331 4208 15,
1355 4130 1383 4197 7.
1418 4134 1468 4208 29,

213 4233 331 4306 3413.
356 4237 406 4308 31,
429 4233 480 4310 36,
503 4239 549 4318 2),
582 4235 715 4316 simplex
749 4244 852 4298 autem
887 4237 1011 4298 trahere
1042 4236 1123 4314 apud
1147 4234 1269 4295 Livium
1294 4244 1340 4298 est
1365 4257 1466 4299 secum

213 4336 347 4409 trabere,
370 4337 456 4399 velut
478 4337 533 4411 28,
555 4337 606 4409 44,
628 4335 658 4411 9,
682 4357 771 4418 quem
796 4338 896 4400 locum
920 4339 1037 4417 allegat
1060 4336 1149 4398 st.
1165 4337 1383 4399 Pronuntiatio
1398 4337 1468 4400 Sci-

211 4435 312 4515 pionis
335 4437 412 4500 1888
435 4445 492 4513 881,
515 4447 602 4499 trans
626 4438 724 4517 Alpes
747 4439 904 4518 pugnandi
927 4437 1097 4499 Hannibali
1120 4457 1153 4498 88
1176 4444 1232 4498 aut
1245 4437 1383 4500 incutere
1399 4445 1468 4501 stu-

213 4537 316 4599 1181888
340 4539 532 4601 voluntatem
557 4547 613 4601 aut
634 4539 791 4619 imponere
815 4539 1043 4601 necessitatem.

296 4638 347 4712 41,
370 4639 390 4701 9
413 4639 557 4702 decedere
579 4638 702 4713 Sicilia,
725 4641 780 4724 qui
802 4640 994 4724 stupendium
1019 4642 1045 4713 l,
1065 4640 1094 4700 3.
1107 4639 1189 4717 Mog.
1203 4638 1276 4700 Ald.
1289 4639 1363 4702 Sob.
1377 4641 1467 4702 Frob.

214 4738 305 4802 Grut.
330 4739 426 4803 Gron.
450 4742 547 4804 Drak.
571 4743 648 4807 Feb.
671 4743 754 4822 Mvg.
778 4743 923 4804 decedere
945 4739 1068 4815 Sicilia,
1091 4739 1284 4822 stipendium
1306 4741 1395 4803 st.
1420 4744 1467 4804 ed.

212 4839 241 4902 6.
265 4840 413 4904 decedens
442 4841 556 4907 Sicilia
578 4842 770 4928 stipendium
792 4841 861 4906 Als.
885 4844 975 4906 st.
1000 4846 1047 4906 ed.
1074 4840 1099 4901 l.
1126 4841 1197 4902 Wll.
1222 4840 1371 4905 decedens
1392 4843 1469 4906 aici-
