3584 5632
377 655 416 710 36
661 655 861 727 Epilegomcna
882 655 919 710 ad
941 655 973 711 Τ.
997 655 1070 711 Livii
1091 655 1194 711 librum
1217 655 1348 726 primum.

377 823 405 897 1,
428 817 478 898 57,
502 825 542 886 10
564 825 752 904 Tarquinius
775 825 949 888 Collatinus
973 827 1101 889 comiter
1121 827 1237 889 invitat
1258 827 1358 909 regios
1379 826 1507 890 iuvenes
1523 824 1636 909 (pares

375 925 474 1006 magis
497 945 587 1006 quam
610 926 799 1011 inferiores),
820 927 872 1002 42,
897 929 924 1002 1,
949 929 987 990 10
1009 927 1215 1008 Magistratus
1237 929 1363 1008 privata
1379 927 1516 1008 hospitia
1533 927 1636 990 habe·

375 1026 462 1099 bant,
494 1046 532 1088 ea
559 1026 690 1106 benigne
714 1028 901 1109 comiterque
924 1029 1068 1091 colebant
1090 1028 1159 1112 (ubi
1182 1029 1316 1108 hospitio
1338 1029 1399 1108 ipsi
1421 1027 1635 1112 fruebantur),

373 1120 521 1200 5,13,7
550 1146 617 1188 cum
649 1127 781 1189 inimicis
809 1149 930 1210 quoque
959 1129 1090 1210 benigne
1119 1149 1156 1190 ac
1178 1129 1306 1192 comiter
1327 1149 1484 1191 sermones
1506 1128 1634 1191 habitos

375 1225 412 1312 (a
438 1227 566 1307 paribus
584 1247 662 1289 ‘oum
692 1227 846 1312 paribus),
875 1229 939 1292 Cic.
968 1230 1071 1292 Deiot.
1099 1225 1346 1304 7,190umiu
1372 1230 1511 1292 convivio
1534 1229 1633 1292 comi-

373 1336 422 1390 ter
445 1335 476 1390 et
497 1328 629 1390 iucunde
652 1329 764 1392 1515555
787 1331 842 1411 (55
862 1330 997 1393 Caesare
1012 1332 1094 1410 apud
1109 1350 1212 1411 regem
1227 1331 1408 1394 Deiotarum
1424 1330 1634 1413 hospitante),

374 1429 461 1492 Gurt.
484 1428 514 1502 8,
539 1428 587 1503 16,
609 1431 650 1491 23
673 1427 846 1514 (Oxyartes
873 1439 1026 1511 satrapes,
1055 1432 1107 1512 qui
1134 1433 1285 1511 potestati
1307 1431 1480 1498 Alexandri
1503 1451 1536 1493 se
1559 1451 1633 1511 per·

374 1531 517 1612 miserat)
540 1530 639 1592 multa
662 1531 808 1593 comitate
832 1531 1001 1594 celebravit
1024 1533 1196 1594 convivium
1215 1532 1291 1613 (quo
1309 1551 1412 1613 regem
1425 1531 1633 1616 accipiebat);

372 1631 437 1692 ibm
458 1630 489 1704 8,
512 1633 563 1705 22,
588 1631 627 1692 14
649 1631 696 1715 (in
719 1633 896 1694 narratione
919 1634 957 1694 de
974 1633 1155 1695 Alexandro
1175 1633 1384 1695 coniuratione
1397 1632 1546 1695 adversus
1560 1651 1631 1694 eum

373 1733 460 1794 facta
489 1751 556 1794 cum
585 1733 648 1794 suis
672 1733 856 1795 convivante
879 1734 956 1795 haec
977 1735 1073 1795 verba
1095 1735 1198 1814 sunt:)
1232 1733 1295 1796 Sed
1318 1735 1444 1796 fortuna
1465 1732 1564 1813 ipsius
1587 1733 1633 1796 si-

373 1833 498 1915 mulque
532 1833 724 1913 epulantium
756 1835 887 1895 comitas
914 1833 1057 1914 provexit
1080 1853 1185 1896 omues
1208 1836 1248 1896 55
1271 1834 1387 1915 largius
1408 1835 1526 1908 vinum,
1548 1834 1632 1895 Plin.

372 1934 431 2014 Ep.
454 1932 484 2008 8,
502 1935 553 2007 21,
574 1935 588 1994 l
609 1934 848 2014 pulcherrimum
867 1935 1010 1997 existimo
1027 1936 1226 1998 severitatem
1239 1935 1479 2015 comitatemque
1491 1935 1632 2009 miscere,

372 2055 411 2097 ne
438 2035 494 2096 illa
520 2035 552 2096 in
574 2034 747 2109 tristitiam,
769 2035 847 2096 haec
868 2036 900 2097 iu
922 2035 1128 2116 petulantiam
1152 2038 1292 2098 excedat.
1336 2037 1396 2097 Est
1417 2035 1511 2116 igitur
1533 2036 1632 2098 comi-

372 2142 423 2197 tas
446 2143 540 2216 atquo
564 2135 733 2198 affabilitas
755 2137 908 2198 submisse
930 2157 963 2198 se
986 2137 1168 2217 gerentium,
1190 2139 1244 2199 sed
1267 2137 1362 2200 etiam
1377 2135 1520 2198 hilaritas
1536 2155 1632 2216 prae-

372 2237 479 2298 sertim
503 2236 711 2309 conv1varum,
735 2256 813 2317 quae
836 2237 958 2300 affectio
981 2237 1076 2299 animi
1098 2237 1189 2300 facile
1204 2238 1236 2300 iu
1251 2237 1459 2317 petulantiam
1479 2237 1631 2317 procedit.

455 2337 492 2398 ln
515 2337 671 2399 nonnullis
694 2338 762 2399 cdd.
785 2337 859 2421 (PU
881 2337 969 2399 Harl.
993 2353 1013 2399 1.
1037 2336 1111 2422 ΤΟ)
1134 2339 1212 2400 comi
1238 2339 1340 2400 fronte
1362 2346 1398 2400 ut
1419 2337 1632 2418 importunum

373 2438 526 2520 glossema
549 2446 605 2499 aut
627 2445 816 2518 expunctum
840 2446 888 2500 est
911 2445 966 2500 aut
988 2439 1145 2513 omissum,
1167 2440 1199 2501 in
1221 2439 1249 2500 Ε
1272 2459 1331 2501 555
1354 2457 1429 2518 prae
1452 2438 1564 2501 ceteris
1578 2459 1630 2501 re-

372 2546 504 2602 tentum.
548 2540 682 2619 Propter
714 2558 854 2600 rasuram
882 2539 913 2601 iu
942 2539 986 2614 M,
1009 2539 1040 2601 in
1063 2559 1126 2621 qua
1147 2541 1296 2620 scriptum
1313 2539 1545 2626 fraterniterq,
1569 2559 1630 2602 non

372 2640 450 2702 satis
482 2647 567 2702 certa
589 2647 638 2702 est
660 2640 761 2720 prima
782 2640 947 2719 scriptura,
969 2648 1074 2702 tamen
1098 2641 1237 2703 coucomi
1252 2639 1363 2726 fronte
1384 2641 1512 2703 comiter
1533 2641 1629 2702 fuisse

371 2741 569 2803 verisimilius
591 2741 627 2801 fit
650 2741 780 2821 coguitis
801 2741 863 2802 iarn
886 2742 912 2802 B
935 2742 1030 2822 Magl.
1054 2741 1147 2804 Laur.
1170 2743 1211 2815 3.,
1232 2743 1265 2804 15
1287 2741 1399 2823 551555
1421 2740 1556 2825 (pariter
1578 2748 1629 2802 at-

372 2862 430 2923 555
457 2842 489 2904 15
519 2842 566 2904 55.
589 2841 636 2927 2.)
665 2849 713 2904 est
740 2841 822 2904 comi
836 2840 946 2927 fronte
968 2842 1104 2904 comiter.
1148 2843 1184 2905 In
1206 2844 1241 2904 M
1263 2850 1427 2922 praeterea
1448 2860 1542 2921 super
1564 2843 1577 2904 1
1597 2841 1628 2903 15

372 2942 453 3004 comi
486 2940 626 3003 additum
648 2948 679 3016 f,
708 2944 763 3005 sed
791 2963 848 3004 555
873 2941 1026 3024 integrum
1050 2943 1175 3017 mansit,
1197 2943 1244 3005 ita
1267 2951 1301 3005 ut
1322 2950 1481 3023 postrema
1501 2943 1628 3023 scriptio

372 3043 450 3105 haec
471 3043 528 3104 sit:
559 3043 745 3104 concomites
759 3042 1008 3128 fraterniterque
1029 3043 1128 3128 (quod
1150 3063 1311 3125 perperam
1334 3043 1534 3124 interpretati
1556 3051 1629 3106 sunt

371 3143 480 3206 Alsch.
503 3149 534 3204 at
556 3142 680 3228 Hertz).

456 3245 508 3317 23,
529 3243 549 3305 3
565 3243 660 3331 fonsa
683 3241 811 3318 Cluilia,
835 3252 870 3306 ut
892 3245 949 3306 »ab
973 3247 1095 3308 nomine
1118 3246 1204 3309 ducis
1227 3246 1414 3326 appellata»,
1432 3245 1627 3310 scribendum

373 3353 421 3408 est
443 3344 499 3429 (of.
521 3347 552 3419 2,
575 3343 625 3418 39,
648 3343 695 3428 5),
717 3365 777 3408 555
802 3343 922 3419 Closter,
945 3347 1026 3427 quod
1049 3348 1150 3427 ipsum
1169 3353 1238 3410 arat
1255 3365 1366 3409 nomen
1380 3347 1476 3409 ducis.
1509 3348 1547 3408 In
1560 3348 1627 3410 cdd.

372 3469 393 3509 5
415 3454 488 3508 ante
511 3445 550 3508 ab
572 3445 718 3508 omissum
743 3453 801 3508 est.

456 3548 507 3620 23,
530 3547 549 3608 5
577 3567 671 3630 qaam
692 3547 840 3631 prociona
862 3549 900 3608 ad
924 3548 1045 3610 hostem
1068 3553 1173 3626 potest
1194 3548 1326 3610 Mettius
1348 3548 1444 3623 ducit,
1466 3567 1526 3629 qno
1550 3549 1628 3612 faci-

372 3648 433 3711 lius
464 3647 674 3710 Romanorum
707 3668 809 3729 regem
844 3648 1031 3710 conveniret.
1075 3647 1135 3710 Hic
1163 3649 1243 3711 enim
1272 3650 1310 3712 de
1333 3649 1436 3712 studio
1458 3651 1627 3730 appropin-

373 3749 489 3831 quandi
523 3750 562 3810 55
595 3749 701 3811 hostes
735 3749 877 3830 colloquii
912 3768 1016 3823 causa,
1045 3767 1104 3811 non
1133 3749 1171 3811 de
1198 3750 1309 3813 itinere
1332 3769 1424 3832 quam
1447 3751 1627 3814 brevissimo

374 3850 514 3930 eligendo
544 3849 642 3911 oratio
665 3857 723 3911 est.
766 3850 895 3930 Madvig
918 3851 1001 3912 solus
1024 3857 1132 3913 contra
1154 3852 1222 3913 cdd.
1246 3869 1309 3934 555
1324 3852 1472 3936 prociona
1493 3853 1627 3933 scripsit,

374 3951 454 4033 5555
481 3958 587 4013 tamen
614 3949 770 4013 Gronovio
799 3950 969 4030 placuerat.
1013 3951 1061 4013 Of.
1083 3950 1134 4024 44,
1161 3951 1208 4025 12,
1230 3952 1251 4014 6
1271 3953 1347 4034 regii
1368 3952 1627 4035 lembi...quam

374 4059 520 4132 poterant
542 4051 680 4132 proxime
702 4052 777 4113 litus
799 4059 942 4113 tenentes
962 4052 1121 4113 intrarunt
1143 4053 1259 4115 urbem.

457 4153 509 4226 23,
530 4152 552 4214 6
573 4161 685 4225 tameo,
708 4153 736 4214 sc'
757 4173 841 4214 5555
862 4151 1051 4238 adserantur
1064 4152 1161 4237 (quae
1174 4155 1350 4216 coniectura
1362 4161 1411 4216 est
1421 4153 1447 4216 I.
1459 4155 1499 4216 H.
1512 4155 1627 4229 Vossii‚

372 4253 589 4334 Ruudglossen
617 4272 647 4333 p.
676 4247 765 4337 267),
797 4254 847 4315 551
877 4253 938 4315 iam
963 4274 982 4315 5
1005 4255 1107 4334 legato
1129 4252 1185 4339 (51.
1208 4256 1238 4329 2,
1260 4255 1290 4328 4,
1312 4254 1348 4337 4)
1370 4256 1420 4317 551
1443 4274 1462 4317 5
1484 4256 1575 4319 Τ5115
1595 4257 1626 4318 15

374 4355 534 4436 551155515,
557 4354 591 4415 io
613 4354 711 4416 551555
733 4353 846 4416 educit.
891 4355 939 4417 Of,
965 4356 992 4428 l,
1014 4355 1065 4429 41,
1090 4355 1104 4416 l
1129 4355 1156 4416 51
1179 4356 1331 4418 destituat
1353 4375 1435 4436 spes,
1457 4357 1521 4418 alia
1536 4376 1627 4438 prae-

374 4457 454 4518 sidia
482 4455 616 4517 molitur.
645 4455 768 4517 tametsi
794 4476 876 4517 5555
898 4454 1134 4541 adfercbantur,
1157 4458 1237 4537 quod
1260 4457 1411 4538 praebent
1434 4458 1645 4532 555.,51)15Ι

373 4557 446 4620 ferri
469 4576 527 4618 non
551 4563 666 4636 potest,
690 4556 762 4636 quia
784 4576 867 4618 vana
889 4576 956 4618 esse
979 4558 1113 4619 nondum
1137 4564 1339 4638 compererat.
1372 4559 1438 4620 Nec
1460 4558 1559 4640 magis
1576 4567 1626 4621 to-

373 4659 502 4720 leranda
524 4665 572 4720 est
593 4665 720 4737 recepta
741 4658 796 4719 1115
819 4677 838 4718 5
859 4658 1016 4738 Madvigio
1040 4658 1217 4720 coniectura
1238 4657 1415 4739 Tanaquilli
1433 4659 1528 4721 Fabri
1547 4669 1627 4721 tom-

373 4760 431 4820 etsa'
459 4779 542 4820 5555
570 4757 681 4843 offerri
705 4756 849 4831 roborem,-
881 4775 953 4820 nam
982 4759 1008 4819 si
1035 4758 1146 4820 Tullus
1167 4777 1250 4820 vana
1272 4759 1386 4822 adferri
1407 4760 1545 4835 rebatur,
1568 4780 1627 4824 uon

373 4860 412 4921 ob
442 4860 473 4921 id
502 4860 613 4934 minus,
639 4861 695 4922 sed
722 4858 953 4940 multomagis,
976 4859 1140 4922 utstatim
1164 4860 1203 4921 ad
1226 4878 1360 4941 pugnam
1384 4869 1468 4924 esset
1489 4869 1629 4940 paratus,
