3574 5632
347 609 383 670 16
543 609 741 688 ilpilegomeua
763 609 797 672 ad
821 609 852 672 il.
876 609 948 671 Livii
970 609 1071 672 librum
1096 610 1256 672 vicesimum
1281 607 1410 686 primunt.

429 791 480 863 32,
503 789 522 852 6
555 791 594 852 ab
626 789 788 854 Druentia
816 791 843 851 l.
867 791 895 852 3.
919 789 1001 870 Meg.
1024 789 1098 852 Ald.
1122 789 1195 852 Sob.
1214 791 1306 852 Frob.
1330 809 1396 870 sqq.
1420 785 1601 849 abadruen-

347 892 392 953 tia
421 891 456 964 G,
489 891 520 952 iu
556 911 614 972 quo
638 891 762 953 litterae
786 891 879 952 tertia
902 898 934 951 et
957 898 1069 970 quarta
1091 889 1165 972 (ad)
1187 911 1278 953 rasae
1300 897 1385 962 suut,
1408 897 1443 950 ut
1465 888 1497 950 iu
1520 906 1601 948 non·

345 992 438 1054 nullis
463 991 502 1053 ab
524 991 664 1054 Boeotio
686 1011 753 1054 esse
776 993 873 1053 fertur
881 1011 890 1065 ;
912 991 942 1052 in
966 990 1036 1052 aliis
1058 999 1163 1052 tamen
1187 992 1236 1073 (M
1259 990 1350 1053 Cant.
1374 989 1449 1052 Lov.
1475 988 1521 1072 1.)
1543 986 1602 1050 ab·

347 1093 524 1166 adementia,
547 1094 627 1174 quod
649 1091 761 1155 iudicio
785 1100 834 1154 est
855 1092 904 1153 vel
927 1089 966 1154 ab
988 1092 1038 1152 vel
1061 1113 1081 1152 a
1102 1091 1261 1154 inventum
1286 1112 1363 1154 esse.

430 1194 481 1266 32,
504 1189 523 1254 7
546 1215 607 1277 qna
628 1194 748 1256 ineerta
770 1193 803 1254 in
825 1193 928 1254 maius
940 1190 1013 1278 βενε
1035 1190 1150 1278 efferri
1171 1191 1268 1256 solent
1289 1193 1364 1274 Mvg
1387 1192 1434 1253 ed.
1460 1190 1487 1250 1.
1520 1189 1603 1251 Seu-

347 1315 401 1356 sus
434 1295 483 1356 hic
518 1305 583 1357 est:
606 1313 684 1376 quae
709 1313 817 1373 parum
840 1303 916 1356 uota
937 1303 1020 1366 suut,
1042 1294 1088 1354 ita
1109 1293 1201 1374 vulgo
1225 1301 1401 1367 narrantur,
1424 1299 1459 1353 ut
1482 1291 1603 1352 maiora

347 1396 521 1458 videantur.
576 1395 680 1459 Minus
714 1415 804 1476 quam
839 1394 947 1475 reliqui
972 1395 1039 1454 odd.
1064 1396 1253 1474 depravatus
1277 1395 1399 1456 videtur
1422 1393 1457 1466 G,
1480 1391 1534 1452 ubi
1556 1389 1603 1452 sic

346 1495 471 1576 scripsit
502 1497 569 1576 ipse
602 1497 759 1558 librarius:
794 1517 984 1579 quamquam
1015 1493 1109 1576 βανηὰ
1124 1496 1219 1578 prius
1242 1493 1392 1578 quam(?)
1406 1494 1527 1555 ineerta
1548 1491 1603 1552 im·

347 1599 450 1659 manda
477 1619 549 1660 uero
573 1595 654 1668 ferri
675 1594 772 1659 uolent
790 1605 903 1680 pcepta
925 1617 973 1658 ree
996 1606 1070 1658 erat.
1094 1599 1204 1679 (quam
1227 1604 1354 1676 propter
1374 1613 1515 1657 rasuram
1540 1611 1602 1654 uon

346 1699 424 1760 satis
448 1707 574 1761 eertum.
604 1698 666 1782 qud
691 1698 749 1778 M).
793 1698 943 1778 Equidem
966 1697 997 1758 in
1022 1698 1162 1777 exemplo
1184 1696 1480 1759 Weissenboruiano
1503 1691 1603 1756 soleat

346 1800 451 1880 legens
484 1798 559 1860 nihil
593 1799 757 1860 adnotavi:
792 1799 924 1860 fortasse
957 1797 1072 1859 rectius
1099 1798 1168 1860 Als.
1192 1796 1275 1860 solet.
1319 1797 1424 1860 Etiam
1450 1815 1488 1858 ex
1510 1795 1546 1856 M
1569 1803 1602 1856 et

344 1900 420 1961 Lov.
458 1901 484 1960 l.
522 1899 654 1961 refertur
681 1899 819 1960 inmania
841 1919 914 1960 aero
930 1898 1018 1984 βενν1
1040 1895 1122 1960 solet.
1166 1897 1335 1984 (Similiter
1356 1897 1407 1971 28,
1430 1897 1481 1970 31,
1503 1896 1524 1958 4
1547 1896 1600 1957 in-

345 2000 448 2062 mania
480 2019 535 2079 pro
568 2001 603 2060 ν’νι
635 2001 738 2061 neotus
770 2000 838 2062 edd.
863 1999 1027 2082 nonnulli.)
1050 2021 1129 2083 quae
1151 2000 1276 2084 quidem
1298 2000 1418 2062 ineerta
1439 1999 1474 2060 in
1496 1997 1602 2059 maius

346 2122 419 2164 aero
445 2101 533 2187 servi
555 2099 629 2164 solet
653 2101 679 2161 l.
703 2101 774 2162 Dui.
799 2099 862 2183 (ed.
889 2102 914 2160 1.
939 2120 1059 2180 semper
1082 2121 1140 2184 que
1161 2121 1216 2181 pro
1239 2105 1340 2184 quae).
1384 2101 1471 2162 Idem
1496 2097 1602 2161 oouie-

347 2202 390 2264 cit
423 2201 529 2274 Gron,
552 2222 611 2263 uou
634 2201 824 2281 improbavit
845 2201 949 2262 Fabri.
974 2222 1036 2284 qua
1058 2202 1183 2284 quidem
1205 2202 1325 2263 ineerta
1347 2202 1381 2262 iu
1403 2200 1507 2262 maius
1529 2219 1601 2260 uero

341 2301 429 2389 ferri
463 2300 559 2364 solent
591 2303 620 2364 3.
644 2303 726 2382 Mog.
750 2302 823 2364 Ald.
847 2302 921 2364 Sob.
944 2303 1035 2364 Frob.
1060 2303 1154 2364 Vase.
1178 2303 1270 2365 Grut.
1295 2303 1375 2365 Oler.
1398 2302 1501 2364 Rudd.
1525 2300 1601 2361 Eru.

346 2402 437 2466 Giov.
471 2402 609 2464 Tauohn.
644 2424 706 2486 qua
741 2403 860 2464 ineerta
886 2403 920 2463 in
943 2403 1046 2464 maius
1068 2424 1138 2464 υενο
1155 2403 1242 2488 sarri
1265 2401 1361 2467 solent
1383 2401 1479 2465 Gron.
1502 2400 1602 2463 Drak.

347 2505 414 2566 Alo.
449 2504 538 2566 st.
572 2504 650 2565 Wll.
685 2505 759 2583 Mvg
793 2504 840 2565 ed.
869 2505 897 2564 3.
953 2505 1082 2586 (Totum
1107 2505 1301 2566 enuntiatum
1326 2506 1373 2565 ed.
1396 2505 1479 2584 Mog.
1503 2501 1604 2564 secuti

346 2606 484 2686 plerique
507 2606 537 2666 in
561 2605 739 2684 parenthesi
763 2612 954 2687 posueruut).
1000 2604 1108 2666 Tacite
1131 2605 1259 2685 Madvig
1282 2605 1489 2667 coniecturam
1513 2621 1603 2664 auam

346 2706 484 2768 deseruit
501 2706 677 2787 delevitque
699 2706 730 2766 iu
753 2725 834 2766 nova
856 2707 903 2767 ed.
925 2705 1197 2780 Emendationum,
1220 2726 1298 2787 quae
1320 2705 1352 2766 iu
1375 2705 1475 2784 priore
1498 2723 1528 2784 p.
1541 2695 1605 2764 217

349 2807 552 2868 disseruerat:
585 2807 710 2886 «Neque
746 2807 780 2868 in
812 2807 915 2868 oraine
947 2827 1018 2868 aero
1054 2807 1169 2868 usitate
1198 2807 1311 2869 dieitur
1333 2807 1439 2867 addito
1463 2804 1605 2866 ablativo

350 2927 449 2988 neque
465 2906 553 2992 ferri
575 2907 609 2967 in
631 2907 743 2968 maiae.
788 2907 949 2969 Usitatum
973 2916 1005 2968 et
1026 2915 1145 2969 rectum
1169 2908 1244 2969 erit:
1269 2927 1328 2989 qua
1350 2908 1470 2969 incerta
1488 2905 1519 2967 iu
1534 2925 1604 2967 ma-

347 3008 397 3068 ius
423 3005 497 3093 βενε
530 3005 645 3093 ecferri
666 3008 793 3069 solent».
836 3008 873 3069 Id
897 3008 985 3069 modo
1009 3007 1084 3068 mihi
1107 3009 1208 3070 minus
1231 3009 1335 3089 placet
1358 3008 1438 3090 quod
1461 3007 1606 3068 «ecferri»

349 3108 488 3188 scripsit3
523 3128 593 3169 uam
628 3109 654 3168 si
687 3128 796 3188 genere
830 3109 979 3170 sermonis
1002 3108 1118 3170 usitato
1142 3110 1284 3189 primitus
1308 3109 1368 3172 fuit
1383 3107 1456 3196 βενε
1478 3105 1606 3194 efferri,

349 3209 440 3289 plane
474 3211 580 3270 eodem
615 3210 714 3282 modo,
738 3229 796 3290 quo
820 3229 858 3271 ex
880 3229 949 3270 mea
972 3210 1128 3271 sententia
1154 3212 1179 3285 l,
1202 3211 1253 3284 43,
1276 3213 1295 3272 3
1318 3210 1394 3293 (vid.
1418 3209 1539 3290 Epileg.
1563 3209 1606 3270 ad

350 3311 403 3371 lib.
426 3311 450 3375 I.
474 3329 503 3390 p.
526 3308 583 3390 61)
608 3307 685 3371 dello
707 3309 862 3396 offerrent
883 3310 914 3371 in
939 3307 1016 3371 dello
1032 3309 1157 3395 fervent
1180 3311 1267 3385 abiit,
1295 3312 1353 3374 hoo
1375 3311 1441 3372 loeo
1458 3310 1530 3396 sere
1553 3307 1607 3395 ef-

342 3411 431 3497 serr-i
457 3410 578 3495 insere
593 3411 681 3496 sarri
703 3411 812 3486 vertit;
836 3411 946 3473 deinde
969 3413 1073 3472 noaino
1088 3412 1170 3498 βενε,
1193 3413 1242 3474 vel
1266 3415 1398 3474 fortasse
1421 3411 1607 3491 nerescrip-

347 3521 413 3572 tum
448 3511 536 3595 (nam
565 3511 624 3573 hae
647 3531 767 3592 quoque
790 3512 920 3573 labiales
942 3512 1023 3573 iuter
1046 3533 1078 3574 se
1102 3514 1314 3588 mutabantur,
1337 3522 1372 3575 ut
1394 3532 1489 3592 supra
1511 3511 1562 3584 30,
1584 3505 1607 3572 7

344 3613 460 3695 parteis
493 3631 548 3692 pro
580 3611 711 3692 faucis),
746 3613 837 3674 facile
870 3613 900 3674 in
934 3613 1038 3674 maius
1065 3635 1138 3676 uero
1162 3620 1317 3676 mutatum
1341 3622 1399 3676 est.
1443 3615 1479 3675 In
1503 3613 1606 3675 maius

350 3713 461 3774 efferre
495 3714 584 3774 unius
617 3714 717 3774 instar
752 3713 837 3774 verbi
872 3723 919 3775 est
947 3713 993 3796 (vi
1017 3715 1253 3796 amplificandi),
1276 3714 1405 3795 ideoque
1428 3715 1604 3776 ablativum

350 3814 589 3892 comparationis
622 3815 751 3893 respuit,
785 3822 819 3875 ut
852 3815 965 3887 omnia,
988 3835 1067 3894 quae
1089 3815 1172 3877 illius
1196 3817 1314 3895 generis
1337 3824 1424 3877 sunt:
1448 3816 1479 3877 iu
1503 3816 1605 3877 maius

349 3914 497 3976 extollere
520 3914 570 3987 28,
593 3916 643 3987 3l,
666 3915 687 3975 4
709 3913 802 3997 (lust.
826 3917 855 3987 2,
881 3916 929 3988 13,
954 3916 980 3975 l.
1004 3915 1084 3976 Plin.
1108 3917 1166 3996 Ep.
1190 3918 1219 3990 3,
1244 3917 1293 3991 ll,
1318 3919 1344 3978 1.
1369 3917 1512 3979 attollere
1528 3917 1604 3979 Teo.

350 4013 433 4076 Anu.
459 4015 507 4088 15,
530 4017 580 4088 30,
607 4014 649 4099 1),
672 4016 703 4076 in
727 4017 826 4076 maius
850 4016 1004 4078 celebrare
1026 4016 1057 4089 4,
1079 4016 1129 4090 34,
1153 4012 1172 4078 7
1195 4016 1288 4099 (Sall.
1312 4018 1378 4099 lug.
1402 4011 1453 4092 73,
1476 4018 1504 4079 5.
1527 4017 1603 4080 Tac.

349 4113 432 4176 Anu.
459 4116 506 4188 13,
529 4114 559 4188 8,
584 4116 612 4176 1.
655 4115 710 4178 ἐπὶ
732 4115 767 4178 ni
789 4113 895 4195 μνῐζον
917 4125 1045 4193 κοσμεῖν
1068 4117 1207 4199 Thucyd.
1233 4119 1260 4192 l,
1282 4117 1351 4205 21),
1374 4119 1405 4181 iu
1430 4119 1529 4180 maius
1549 4138 1604 4180 ae-

349 4216 450 4294 eipere
482 4216 513 4288 4,
549 4218 575 4289 l,
598 4217 627 4278 5.
651 4215 701 4290 29,
724 4219 753 4290 3,
776 4217 805 4279 9.
829 4219 858 4280 in
883 4219 982 4280 maius
1006 4218 1112 4280 audire
1135 4217 1212 4280 Sall.
1235 4219 1317 4282 Hist.
1342 4222 1378 4283 fr.
1402 4222 1432 4294 2,
1454 4213 1505 4294 70,
1528 4219 1603 4282 Tae.

349 4316 432 4377 Anu.
463 4316 494 4389 4,
516 4317 566 4378 23.
589 4317 620 4378 in
644 4319 743 4380 maius
767 4339 947 4398 componere
971 4319 1048 4380 Sall.
1071 4317 1154 4380 Hist.
1177 4320 1206 4392 3,
1229 4319 1278 4382 60,
1301 4322 1332 4382 in
1356 4321 1456 4382 maius
1480 4321 1604 4382 eredere

349 4419 423 4478 Tac.
457 4418 540 4478 Ann.
569 4417 598 4491 3,
620 4419 672 4493 44,
697 4420 724 4493 l,
746 4420 829 4481 Hist.
858 4423 882 4494 l,
908 4420 955 4480 18.
980 4420 1010 4480 in
1035 4419 1134 4481 maius
1157 4420 1348 4484 innotescere
1370 4422 1444 4482 Tae.
1468 4421 1550 4483 Hist.
1573 4422 1605 4495 4,

349 4519 399 4578 50.
434 4517 615 4601 (Accedunt
644 4520 707 4580 alia
740 4521 897 4600 exempla:
930 4522 960 4582 in
996 4520 1132 4582 deterius
1162 4541 1273 4601 augere
1297 4523 1370 4585 Tae.
1394 4523 1477 4585 Anu.
1501 4524 1530 4597 2,
1552 4521 1605 4584 82.

349 4619 379 4679 iu
403 4618 539 4680 deterius
563 4621 676 4680 mutari
698 4621 739 4682 ib.
766 4621 814 4694 14,
836 4623 887 4696 43,
909 4623 940 4682 iu
964 4620 1100 4682 deterius
1122 4624 1236 4684 referre
1258 4624 1300 4685 ib.
1326 4626 1374 4697 13,
1400 4623 1447 4696 14,
1471 4624 1501 4685 iu
1526 4623 1606 4686 mol·

349 4719 407 4780 lius
430 4721 545 4781 referre
566 4721 608 4781 ib.
636 4721 681 4794 14,
704 4720 754 4782 39.
777 4722 808 4783 in
832 4723 941 4784 melius
964 4722 1078 4783 referre
1102 4722 1189 4802 Virg.
1213 4724 1294 4786 Aeu.
1319 4726 1346 4798 l,
1362 4723 1433 4786 281.
1451 4725 1498 4798 11,
1513 4723 1603 4808 426).

348 4819 509 4899 Nusquam
534 4821 564 4882 iu
588 4821 643 4882 illa
665 4821 818 4885 locutione
842 4823 999 4885 ablativus
1029 4823 1166 4894 additur,
1201 4834 1236 4886 ut
1263 4827 1294 4888 iu
1324 4825 1403 4899 aliis,
1436 4825 1523 4887 velut
1554 4823 1606 4900 25,
