3584 5632
489 669 689 740 Epilegomena
711 671 746 726 ad
768 671 800 726 Τ.
826 669 898 726 Livii
922 672 1024 726 librum
1047 673 1177 742 primum.
1443 677 1462 730 ‘3

202 840 417 920 percommode
450 841 571 915 cecidit,
604 843 686 922 quod
717 842 915 906 doctissimus
945 842 993 904 vir
1013 841 1098 906 Otho
1120 842 1285 915 Riemann,
1306 845 1464 923 professor

203 940 413 1016 Nanceianus,
446 941 498 1022 qui
532 949 606 1005 ante
639 961 695 1004 sex
724 961 822 1006 annos
848 943 881 1005 in
909 941 1004 1006 Italia
1027 943 1200 1023 complures
1223 943 1291 1006 edd.
1314 943 1463 1008 Liuianus

203 1041 402 1123 aliquatenus
436 1036 568 1105 contulit
601 1050 657 1105 ant
688 1043 836 1124 inspexit,
869 1044 1047 1106 Florentiae
1080 1045 1158 1106 duos
1192 1043 1303 1106 saltem
1337 1045 1462 1108 saeculo

201 1140 277 1204 XV.
301 1142 433 1223 scriptos
455 1143 575 1205 invenit
597 1163 635 1205 ex
658 1145 764 1206 eodem
788 1163 909 1226 genere,
933 1145 1019 1208 cuius
1042 1149 1115 1207 snut
1137 1145 1163 1205 B
1182 1151 1215 1208 et
1232 1146 1322 1207 eat.
1354 1145 1460 1208 Etiam

201 1243 298 1305 ΜΒΝ
319 1251 352 1306 et
372 1244 399 1304 B
422 1243 523 1306 denuo
546 1263 585 1305 ex
607 1251 697 1326 parte
719 1243 795 1326 legit
818 1264 855 1307 ac
877 1245 1026 1308 nonnulla
1048 1265 1067 1307 a
1090 1265 1138 1307 me
1159 1246 1462 1326 praetermissaesse

201 1344 331 1406 monuit.
376 1343 602 1425 Separaversm
637 1352 753 1420 autem,
786 1365 845 1408 non
878 1347 1073 1428 neglexeram
1103 1345 1237 1410 minores
1260 1367 1298 1409 ao
1318 1347 1462 1429 vulgares

201 1463 250 1506 res
283 1444 528 1526 ortographicas,
562 1463 641 1527 quas
674 1445 861 1508 coniunctim
895 1466 954 1509 uno
989 1454 1156 1528 conspectu
1185 1445 1380 1510 exhibiturus
1407 1447 1462 1523 iul,

201 1545 275 1626 quia
296 1563 377 1626 quae
399 1547 439 1608 ad
462 1565 516 1608 eas
539 1547 698 1626 pertinent
719 1539 917 1628 quaestiones
939 1547 998 1610 nisi
1022 1566 1135 1629 magna
1157 1547 1292 1629 undique
1315 1557 1463 1632 congesta

201 1645 291 1726 copia
323 1646 534 1727 exemplorum
568 1647 695 1709 enodari
727 1655 894 1730 nequeunt.
937 1649 986 1710 De
1014 1649 1118 1711 verbis
1139 1667 1211 1711 vere
1234 1649 1462 1729 praetermissio

200 1754 257 1808 sut
289 1746 383 1810 aliter
414 1747 505 1810 lectis
537 1747 620 1810 infra
653 1748 770 1830 loquar.
815 1747 1006 1812 Coilationss
1038 1749 1120 1825 illas,
1152 1745 1395 1831 »supplements
1422 1769 1462 1813 an

200 1843 348 1910 memoire
382 1847 420 1911 de
447 1849 491 1910 M.
520 1847 636 1930 Frigell
664 1848 798 1912 Collatio
828 1850 966 1912 codicum
990 1849 1219 1924 Livianorumu,
1241 1850 1273 1912 iu
1296 1849 1462 1914 annalibus

200 1947 431 2011 parisiensibus
457 1947 565 2012 Rerus
594 1950 632 2012 de
661 1949 843 2031 Philologie‚
871 1952 909 2013 de
937 1948 1116 2014 litterature
1138 1958 1172 2013 et
1192 1951 1351 2014 d’histoire
1374 1952 1461 2015 anci·

200 2065 296 2111 ennes
329 2048 403 2134 (IV.
426 2043 446 2112 '7
470 2057 502 2112 et
526 2051 581 2133 10)
609 2051 768 2130 publicare
797 2053 900 2130 coepit
927 2059 969 2125 et,
999 2070 1060 2133 qua
1082 2059 1132 2114 est
1152 2051 1360 2126 humanitate,
1382 2054 1462 2116 duas

201 2149 415 2230 portiunculas
447 2150 523 2212 mihi
556 2151 651 2225 misit,
680 2170 760 2232 qnae
789 2151 936 2214 desinunt
963 2151 1053 2214 initio
1076 2171 1144 2232 cap.
1167 2149 1208 2214 29
1229 2151 1299 2216 libri
1322 2151 1347 2214 1.
1391 2154 1461 2216 Duo

200 2257 306 2312 auteur
330 2249 400 2314 iilos
421 2251 618 2314 Florentiuos
640 2251 780 2314 Mediceo
805 2259 962 2333 cognatos,
984 2251 1036 2314 ubi
1056 2252 1170 2316 reierre
1187 2271 1265 2334 opus
1279 2251 1348 2326 erit,
1362 2253 1461 2335 ipsius

199 2369 275 2412 usus
297 2351 380 2414 uotis
402 2351 530 2432 signabo
553 2347 656 2416 Loar.
679 2351 722 2426 3,
746 2352 797 2433 qui
820 2359 869 2416 est
890 2354 921 2415 in
945 2351 1135 2415 bibliotheca
1155 2353 1369 2416 Laurentiano
1380 2353 1460 2436 plut.

199 2450 242 2514 63
264 2471 314 2514 uzo
334 2452 365 2527 4,
388 2459 420 2514 et
441 2450 554 2536 Magi,
576 2453 629 2534 qui
652 2461 701 2516 est
723 2455 753 2515 in
770 2453 959 2516 bibliotheca
970 2453 1261 2535 Magliabecohiana
1272 2473 1321 2516 n:0
1333 2453 1460 2529 XXIII,

202 2549 249 2614 19.
293 2551 399 2616 Ceteri
420 2553 608 2617 recentiores
630 2554 729 2634 magis
752 2553 841 2618 mixti
863 2561 948 2628 sunt,
971 2555 1031 2617 dno
1053 2554 1226 2616 Florentisi
1249 2553 1341 2639 (bibl.
1363 2555 1459 2620 Laur.

200 2653 279 2733 plut.
311 2652 353 2716 63
386 2675 435 2717 nro
467 2655 517 2729 lb',
545 2674 627 2718 saec.
655 2655 748 2728 XIV,
770 2663 803 2716 et
825 2675 874 2716 nm
896 2657 926 2730 2,
949 2673 1029 2718 ease.
1053 2653 1146 2740 XV),
1168 2673 1247 2717 uuus
1269 2655 1460 2720 Veronensis

200 2751 292 2837 (bibl.
326 2755 455 2836 capituli
489 2755 677 2819 cathedralis
710 2775 791 2820 saec.
820 2755 900 2836 XV)
929 2763 962 2818 et
990 2775 1067 2818 nnus
1089 2756 1266 2819 Vaticanus
1287 2753 1354 2840 (nro
1380 2755 1460 2822 1845

200 2873 281 2918 saec.
303 2855 380 2931 XV,
402 2857 455 2938 qui
477 2857 636 2938 cisalpinis
658 2857 839 2938 vulgaribus
862 2867 910 2919 est
931 2855 1209 2941 annumerandus)

283 2957 346 3020 Ubi
368 2958 402 3021 Μ
425 2957 502 3020 nibil
524 2958 609 3022 dubii
632 2959 789 3039 relinquit,
812 2977 871 3020 uon
895 2976 973 3038 opus
995 2965 1045 3020 est
1066 2957 1264 3020 adminiculis
1280 2958 1360 3033 istis,
1379 2977 1459 3042 quae

201 3057 347 3140 pleraque
380 3059 558 3124 Florentiae
590 3067 680 3135 sunt;
713 3061 768 3122 sed
801 3060 838 3121 iit
869 3059 1036 3132 interdum,
1064 3068 1100 3122 ut
1127 3058 1312 3140 scriptiones
1339 3058 1406 3122 eius
1427 3061 1459 3124 in

200 3157 293 3222 dubio
320 3160 483 3240 ponendae
504 3159 578 3234 sint,
601 3180 638 3223 ac
660 3168 730 3222 tuta
751 3179 800 3224 res
823 3167 965 3223 vertatur
986 3159 1017 3222 in
1040 3159 1190 3240 primaria
1211 3161 1368 3242 scriptura
1388 3161 1459 3224 lie·

199 3258 278 3322 dicei
306 3261 498 3340 exploranda
526 3260 721 3343 veritateque
743 3261 810 3324 eine
832 3261 1012 3335 indicanda3
1036 3267 1102 3322 tum
1126 3280 1208 3335 vero,
1231 3267 1268 3324 nt
1288 3261 1320 3323 id
1342 3261 1459 3326 cenius

198 3359 266 3434 fiat,
288 3360 565 3442 circumspicienda
586 3369 660 3425 sunt
682 3362 862 3425 testimonia
883 3361 1031 3424 librorum
1053 3360 1228 3424 inferiorem
1252 3363 1351 3425 locum
1374 3362 1458 3426 obti-

198 3462 349 3536 usntium‚
383 3463 435 3545 qui
467 3471 574 3526 tamen
607 3463 760 3526 communi
794 3462 910 3544 origine
944 3462 1055 3524 ceteris
1087 3469 1162 3524 sunt
1189 3462 1458 3544 praestabiliorem

199 3580 304 3624 verum
328 3563 368 3625 ad
390 3563 473 3626 huno
494 3563 595 3646 ipsum
620 3582 707 3626 usum
732 3583 791 3626 uon
810 3583 911 3644 pauca
930 3562 1109 3626 etiamnunc
1120 3563 1346 3627 desiderantur.
1374 3563 1456 3628 Nam

198 3681 259 3744 quo
280 3670 420 3746 tempore
443 3683 499 3747 ego
520 3665 639 3728 Romae
662 3665 729 3727 uod.
751 3664 1010 3727 Barberinianum
1034 3671 1066 3726 et
1087 3665 1135 3726 ed.
1158 3666 1188 3726 2.
1211 3663 1328 3745 passim
1351 3667 1457 3730 conis·

196 3763 316 3838 rebam,
344 3765 379 3827 Μ
405 3767 541 3830 nondum
570 3763 719 3838 videram,
747 3785 847 3848 neque
873 3765 1046 3828 Riemanno
1068 3764 1107 3826 iis
1129 3765 1217 3828 libris
1239 3765 1378 3846 legendis
1399 3783 1457 3830 vs-

198 3865 283 3928 canti
318 3865 499 3933 collationes
534 3885 623 3930 meae
655 3874 747 3930 notae
781 3868 917 3940 inerunt,
946 3885 1006 3948 quo
1034 3866 1080 3939 lit,
1108 3873 1154 3941 ut,
1176 3865 1289 3948 quibus
1309 3866 1385 3930 loeis
1407 3887 1457 3931 res

197 3965 392 4030 decamanus
417 3967 457 4030 ad
478 3969 513 4030 M
535 3967 729 4048 potissimum
754 3967 899 4041 relicitur,
922 3967 1006 4030 haud
1028 3985 1098 4028 raro
1111 3967 1239 4030 *trustra
1261 3985 1457 4049 quaeramus,

195 4065 250 4148 qui
285 4066 359 4130 hnic
394 4068 527 4150 proximi
559 4076 634 4132 snut
664 4076 768 4130 utrum
802 4067 983 4130 adsentiant
1011 4085 1050 4130 en
1079 4067 1285 4150 refragentur,
1308 4069 1457 4150 quamdiu

195 4169 332 4232 nondum
354 4169 475 4233 ratione
497 4189 535 4233 ac
556 4169 662 4234 viani
685 4177 759 4232 snut
781 4169 961 4233 examinati.

279 4268 561 4334 Adumbratioaem
593 4269 810 4352 &sumptionis
844 4270 981 4332 codicum
1018 4271 1050 4333 in
1083 4269 1199 4336 classes
1231 4270 1294 4332 iam
1324 4270 1396 4333 dedi
1422 4269 1454 4332 in

196 4369 423 4451 prolegomenis
449 4391 480 4453 p.
501 4369 524 4435 6
545 4391 624 4454 sqq,
652 4391 751 4454 neque
780 4371 876 4454 (qnod
904 4370 1014 4434 inutile
1037 4379 1086 4435 est
1108 4369 1242 4452 monitu)
1265 4390 1305 4432 ex
1325 4369 1455 4452 Alpium

195 4476 301 4532 tractu
333 4471 421 4554 prius
453 4472 630 4547 indicando,
663 4473 718 4535 sed
750 4471 827 4552 ipsis
859 4471 945 4536 libris
975 4471 1168 4535 conferendis
1196 4471 1299 4534 inveni
1322 4471 1454 4551 primum

196 4569 363 4652 cisalpinos
391 4579 424 4636 et
445 4573 656 4655 transalpinos
679 4593 747 4636 esse
769 4572 1014 4654 distinguendos,
1033 4573 1144 4636 deinde
1166 4591 1205 4634 ex
1227 4572 1289 4635 iliis
1311 4572 1455 4655 volgares

195 4678 228 4734 et
256 4672 363 4736 uuicos
389 4673 455 4737 sive
483 4674 626 4749 rarimes,
658 4673 706 4737 vel
735 4693 773 4737 ex
794 4674 921 4737 sedibus
943 4673 1132 4756 singulorum
1155 4671 1331 4755 praecipuis
1352 4675 1453 4737 dicam

194 4772 346 4836 familiam
379 4774 536 4839 Vaticano
548 4775 752 4840 --Romanam
781 4780 812 4837 et
834 4773 1241 4838 mediceo—Florentinum.
1284 4774 1350 4838 Alii
1372 4775 1452 4838 enim

193 4873 225 4936 in
253 4874 358 4950 ltalia,
387 4875 440 4938 alii
466 4876 498 4938 in
527 4875 634 4941 Gallia
656 4884 689 4938 et
711 4875 882 4940 Germania
903 4883 1010 4939 aetate
1033 4875 1136 4938 media
1157 4873 1322 4956 viguerunt
1344 4875 1454 4939 arbitri
1583 4963 1586 4967 .
