3584 5632
525 615 725 688 Epilogomena
747 617 783 674 od
805 617 837 674 T.
859 617 933 680 Livii
956 617 1057 672 librum
1080 618 1210 688 primum.
1478 621 1493 674 'i

238 788 290 863 34,
312 788 334 851 4
356 795 388 852 st
410 807 489 870 quas
511 787 596 853 haud
618 788 710 854 facile
732 788 833 851 bisin
856 787 967 870 quibus
989 796 1075 851 5555.
1119 790 1168 852 Ea
1194 789 1289 870 igitur
1315 790 1418 870 opinio
1441 811 1498 854 no-

238 889 287 952 bis
318 889 518 954 confirmatur
545 909 613 952 esse
641 888 852 970 transalpinos
874 898 979 952 sectae
1001 891 1201 954 Florentinae
1224 892 1382 971 propiores
1405 911 1497 974 quam

238 990 425 1064 vaticanae,
458 1009 525 1052 cnm
550 990 701 1054 utralibet
722 991 953 1054 consensionem
975 991 1098 1054 illorum
1121 992 1161 1054 ad
1184 1011 1258 1055 vera
1279 993 1499 1074 investiganda

237 1092 342 1171 magni
365 1092 513 1154 momenti
535 1111 611 1154 esse.

320 1193 399 1254 Post
421 1193 556 1256 codicem
578 1193 613 1256 M
636 1195 742 1267 etiam,
764 1210 844 1274 quae
866 1191 898 1254 in
921 1211 955 1254 55
978 1191 1114 1266 obvenit,
1137 1213 1177 1254 m.
1200 1195 1229 1255 2.
1253 1213 1497 1258 commemoran-

237 1294 281 1356 da
302 1301 360 1365 est,
382 1295 421 1356 ad
445 1313 537 1375 quam
561 1296 804 1374 cognoscendam
827 1312 928 1372 panca
951 1294 1094 1372 exempla
1117 1314 1184 1357 oum
1208 1293 1327 1356 librarii
1342 1295 1498 1375 scriptura

238 1392 406 1456 contulisse
429 1394 507 1456 satis
530 1394 590 1456 erit
611 1395 672 1456 iam
696 1395 826 1474 prolatis
851 1394 1005 1456 nonnullis
1019 1393 1050 1455 in
1069 1395 1143 1456 diss.
1174 1394 1296 1457 Livian.
1309 1395 1378 1458 libr.
1392 1415 1498 1460 emen·

238 1495 333 1557 dandi
355 1495 436 1557 ratio
459 1513 489 1575 p.
511 1494 561 1558 29.
605 1496 812 1558 Includuntur
833 1493 1012 1574 parenthesi
1036 1515 1114 1576 qnae
1136 1515 1228 1558 verae
1246 1503 1321 1558 sunt
1334 1496 1497 1560 orationis:

238 1589 268 1669 7,
288 1595 309 1657 9
331 1595 379 1677 (15
408 1603 475 1659 555
502 1597 649 1660 Euander
676 1615 824 1658 concursu
853 1594 944 1677 cett.)
967 1596 1066 1658 Istum
1090 1603 1163 1658 cett.
1187 1597 1231 1670 M,
1254 1597 1320 1658 Isto
1342 1617 1383 1672 m,
1405 1591 1435 1670 7,
1460 1597 1499 1660 10

238 1694 341 1780 (aram
369 1696 420 1758 hic
448 1697 585 1760 dicatum
613 1696 667 1781 iri)
700 1697 785 1760 dicat
815 1696 873 1758 uiri
900 1697 944 1769 M,
974 1696 1081 1759 dicant
1102 1697 1160 1758 uiri
1183 1717 1223 1770 m,
1245 1696 1296 1772 28,
1318 1698 1338 1760 5
1361 1697 1498 1778 (subiere

239 1799 278 1860 ad
307 1798 444 1877 montes)
471 1798 592 1862 subiere
615 1806 650 1860 at
671 1805 792 1862 montes
814 1798 858 1871 Μ,
882 1796 1044 1859 subierant
1066 1805 1185 1860 montes
1209 1817 1238 1859 m
1261 1797 1335 1880 (nec
1357 1798 1450 1862 aliter
1470 1801 1498 1862 Β

237 1898 361 1980 Magi),
394 1899 487 1972 32,2
515 1897 588 1982 (555
617 1899 766 1980 neglectis
792 1897 992 1977 religionibus
1021 1906 1076 1960 ant
1104 1917 1199 1979 prave
1230 1898 1337 1981 cultis)
1367 1917 1497 1980 prauam

238 1999 330 2062 cultis
347 1999 403 2073 M,
430 2015 527 2079 praue
553 2000 679 2064 incultis
708 2021 748 2072 m,
777 1999 829 2072 35,
851 1998 872 2061 8
900 1997 969 2080 (ubi
992 1997 1188 2082 spectacula)
1211 1999 1296 2062 urbis
1318 2002 1500 2080 spectacula

236 2101 280 2174 M,
308 2100 377 2162 urbi
399 2109 496 2180 spect.
519 2119 560 2174 m,
583 2100 634 2176 36,
656 2100 677 2164 4
698 2097 883 2184 (inaugura)
905 2099 1036 2181 inaugur
1057 2101 1101 2173 M,
1124 2120 1221 2181 augur
1243 2120 1284 2174 5,
1306 2099 1358 2176 39,
1383 2104 1402 2162 2
1425 2099 1498 2185 (ex-

238 2198 413 2283 perrectus)
437 2201 635 2282 experfectus
657 2203 701 2276 M,
725 2201 962 2282 expergefactus
985 2220 1024 2274 m,
1048 2201 1099 2275 40,
1118 2200 1218 2285 bOEx
1232 2202 1427 2286 pastoribus)
1439 2221 1499 2266 exa

237 2302 415 2382 pastoribus
447 2301 518 2382 (scr.
541 2321 587 2382 pr.
610 2301 848 2383 dittographioe,
873 2300 924 2364 ubi
948 2320 987 2363 ex
1009 2302 1173 2386 deletum),
1196 2321 1234 2364 ea
1255 2302 1434 2382 pastoribus
1456 2322 1497 2378 m,

237 2403 289 2480 41,
321 2403 340 2465 5
369 2402 511 2486 (ahterso
544 2404 593 2466 vel
628 2405 769 2466 absterso
804 2404 924 2482 cruore)
959 2403 1060 2466 abiter
1092 2421 1234 2466 socruore
1267 2403 1311 2477 M,
1339 2403 1496 2467 abintsrso

238 2523 343 2567 cruore
366 2523 407 2578 m,
434 2503 485 2578 48,
508 2504 528 2565 5
551 2504 624 2588 (neo
645 2504 780 2568 reverita
803 2501 941 2584 coetum)
965 2503 1137 2566 secreverit
1158 2511 1299 2568 sonetum
1322 2505 1367 2580 M,
1389 2525 1497 2568 necte-

237 2605 318 2668 55515
350 2606 389 2666 ad
424 2612 545 2668 coetum
574 2626 613 2680 m,
641 2605 735 2679 50,8
762 2603 861 2688 (quod
888 2604 919 2664 id
947 2605 1097 2684 temporis
1120 2603 1274 2691 uenisset)
1297 2606 1431 2668 innisset
1452 2607 1497 2680 M,

237 2706 349 2768 fnisset
371 2725 412 2780 5,
435 2706 486 2780 51,
509 2702 528 2768 7
550 2705 793 2791 (existimaturi)
817 2705 1014 2769 existimatur
1036 2705 1080 2778 M,
1103 2705 1323 2769 existimantur
1344 2725 1385 2781 m,
1407 2706 1459 2780 51,
1477 2705 1497 2770 9

238 2806 393 2890 (deiectus
416 2809 455 2870 ad
479 2815 574 2887 caput
596 2805 723 2891 aquae),
746 2806 884 2870 delectus
907 2806 951 2880 M,
974 2807 1095 2870 deletus
1118 2827 1158 2882 m,
1180 2805 1232 2881 56,
1254 2800 1274 2868 7
1296 2807 1497 2888 (15155555-

236 2909 320 2989 rum)
341 2908 463 2971 iniurea
484 2910 528 2983 M,
550 2909 663 2972 iniuria
686 2927 725 2970 m.
758 2907 848 2970 Adeo
871 2908 1085 2992 quodcumque
1107 2908 1247 2970 oblatum
1271 2909 1497 2988 5555551ρὶ5-

237 3009 293 3070 bat
324 3007 377 3072 ille
410 3010 527 3073 arbiter
554 3009 699 3090 gignente
722 3028 818 3090 usque
841 3026 942 3070 errore
965 3028 1108 3082 errorem,
1130 3017 1236 3072 tamen
1257 3008 1497 3072 innumerabilia

237 3110 355 3172 frustra
383 3112 546 3174 emendare
574 3117 703 3174 conatus
731 3112 858 3172 tandem
881 3107 1048 3190 aliquando
1069 3111 1100 3172 in
1123 3111 1239 3173 lormas
1261 3110 1423 3173 verbomm
1446 3111 1496 3172 in-

237 3209 322 3285 cidit,
357 3212 468 3293 quibus
500 3211 582 3274 inter
614 3212 765 3292 reliquam
799 3210 985 3290 farraginem
1020 3210 1145 3286 eminet,
1176 3211 1262 3273 velut
1280 3210 1339 3294 43,
1361 3211 1381 3274 5
1404 3211 1497 3274 tertia

238 3311 349 3376 elassis
369 3313 402 3376 in
425 3312 523 3374 tertia
545 3309 665 3388 classis,
686 3311 738 3386 46,
761 3313 780 3374 2
804 3311 939 3375 adnata
954 3322 1088 3394 patrnam
1109 3310 1301 3376 uoluntatem
1314 3312 1345 3375 in
1361 3311 1496 3376 aduerso

231 3425 364 3498 potrum
405 3411 565 3476 uoluntate
601 3413 744 3476 mutavit.
805 3411 914 3475 Eidem
954 3413 1152 3476 tribuendum
1190 3411 1242 3487 39,
1270 3414 1290 3475 3
1325 3412 1416 3476 viden
1449 3421 1495 3488 tu,

238 3517 318 3598 quod
345 3515 377 3578 in
406 3522 585 3580 contextum
613 3514 732 3594 recepit
752 3514 778 3575 Ι.
800 3515 836 3576 F.
860 3512 1036 3576 Gronovius
1058 3516 1186 3578 credens
1207 3515 1239 3576 id
1260 3514 1359 3594 ipsius
1382 3515 1495 3578 codicis

237 3636 314 3678 esse.
358 3616 451 3679 Talia
482 3615 714 3696 conspiciuntur
745 3614 850 3677 lucida
880 3613 1048 3678 intervalla
1079 3615 1111 3678 in
1139 3615 1278 3696 quolibet
1305 3615 1369 3678 lere
1391 3615 1495 3680 codice

236 3724 384 3792 correcto,
417 3737 516 3798 neque
549 3736 587 3779 55
620 3717 659 3778 ad
693 3716 868 3779 universam
902 3716 993 3778 fidem
1022 3718 1195 3796 aagendam
1223 3715 1355 3779 multum
1378 3717 1494 3780 valent.

235 3817 348 3899 Itaque
382 3838 472 3899 aegre
505 3819 571 3882 sero
603 3816 837 3880 Alschefskium
867 3814 918 3889 49,
941 3815 961 3878 9
982 3835 1098 3898 perque
1121 3837 1174 3880 eas
1196 3816 1323 3898 nuptias
1344 3817 1379 3880 M
1402 3837 1441 3880 m.
1464 3820 1495 3880 2.

236 3926 273 3981 55
299 3917 500 4000 principalem
530 3919 717 4000 scripturam
745 3918 870 3992 afferre,
893 3916 997 3993 5556,
1021 3918 1058 3980 11
1082 3917 1228 3981 15555155
1251 3937 1318 3981 enm
1341 3917 1494 3982 indicare:

236 4019 424 4082 »redissent-
450 4021 484 4083 M
507 4039 547 4083 m.
569 4022 599 4082 2.
621 4019 771 4082 redisset.-
791 4038 831 4080 m.
856 4019 912 4092 1.»,
934 4018 1024 4100 quasi
1046 4026 1208 4098 parasset
1230 4026 1362 4101 utraque
1383 4039 1495 4084 manus

236 4129 331 4202 atque
357 4121 390 4182 in
418 4119 475 4182 tali
503 4141 535 4184 re
563 4120 718 4184 redissent
743 4119 990 4201 praeferendum.
1033 4119 1210 4184 Exhibetur
1230 4127 1263 4182 et
1285 4121 1324 4183 ab
1346 4140 1376 4183 5
1400 4127 1432 4184 55
1453 4121 1494 4184 ab

236 4221 461 4304 antiquissimis
484 4221 553 4284 edd.
577 4228 609 4285 et
631 4242 651 4285 a
672 4220 876 4300 transalpinis
897 4221 1053 4284 nonnullis
1076 4219 1122 4304 (in
1146 4221 1257 4302 quibus
1279 4221 1325 4302 U)
1350 4221 1379 4294 l,
1404 4223 1416 4282 l
1432 4219 1494 4306 fa-

235 4333 342 4397 55555,
373 4323 571 4402 refragantur
603 4341 676 4386 vero
708 4321 770 4384 iam
799 4341 860 4384 555
888 4321 987 4384 solum
1015 4321 1230 4402 Pdupliciter
1250 4328 1416 4395 correctus,
1438 4322 1493 4386 sed

235 4431 317 4487 teste
349 4424 524 4488 Riemanno
556 4422 650 4486 etiam
683 4422 743 4486 RN
776 4429 808 4485 et
836 4423 969 4486 fortasse
996 4423 1042 4498 M,
1071 4430 1180 4486 contra
1202 4442 1281 4505 quae
1303 4420 1493 4497 testimonia,

236 4543 305 4590 555
333 4544 389 4605 per
416 4543 449 4588 se
475 4523 569 4604 paulo
599 4523 702 4587 durior
729 4524 772 4586 sit
793 4522 917 4596 locutio,
940 4522 1050 4604 p'aruur
1073 4525 1235 4588 volatilla
1257 4523 1492 4586 commendatio.

235 4624 311 4688 Alia
339 4625 431 4689 lectio
454 4625 590 4688 eiusdem
613 4645 654 4688 5.
676 4627 717 4700 2.,
740 4644 819 4706 quae
843 4631 891 4686 est
915 4627 942 4698 l,
967 4625 982 4687 1
1008 4647 1028 4687 a
1046 4625 1170 4690 555555
1193 4627 1298 4688 Aenea
1319 4625 1493 4688 Antenore·

235 4747 293 4812 qne
314 4726 424 4811 (quam
447 4725 479 4789 in
502 4725 675 4790 collatione
698 4723 804 4809 omisi)
825 4725 887 4788 iam
910 4725 1025 4790 nemini
1048 4727 1207 4808 probatur.
