<?xml version="1.0" encoding="UTF-8"?>
<!DOCTYPE html PUBLIC "-//W3C//DTD XHTML 1.0 Transitional//EN"
    "http://www.w3.org/TR/xhtml1/DTD/xhtml1-transitional.dtd">
<html xmlns="http://www.w3.org/1999/xhtml" xml:lang="en" lang="en">
 <head>
  <title>
</title>
<meta http-equiv="Content-Type" content="text/html;charset=utf-8" />
  <meta name='ocr-system' content='tesseract 3.04.00' />
  <meta name='ocr-capabilities' content='ocr_page ocr_carea ocr_par ocr_line ocrx_word'/>
</head>
<body>
  <div class='ocr_page' id='page_1' title='image "./epilegomenaadtl00friggoog_0114.png"; bbox 0 0 3574 5632; ppageno 0'>
   <div class='ocr_carea' id='block_1_1' title="bbox 372 645 1437 718">
    <p class='ocr_par' dir='ltr' id='par_1_1' title="bbox 372 645 1437 718">
     <span class='ocr_line' id='line_1_1' title="bbox 372 645 1437 718; baseline 0 -18"><span class='ocrx_word' id='word_1_1' title='bbox 372 646 574 718; x_wconf 76' lang='lat' dir='ltr'>Epilegomena</span> <span class='ocrx_word' id='word_1_2' title='bbox 596 647 632 703; x_wconf 87' lang='lat' dir='ltr'>ad</span> <span class='ocrx_word' id='word_1_3' title='bbox 655 647 687 702; x_wconf 93' lang='lat' dir='ltr'>T.</span> <span class='ocrx_word' id='word_1_4' title='bbox 711 645 782 703; x_wconf 79' lang='lat' dir='ltr'>Livii</span> <span class='ocrx_word' id='word_1_5' title='bbox 805 646 908 702; x_wconf 84' lang='lat' dir='ltr'>librum</span> <span class='ocrx_word' id='word_1_6' title='bbox 930 645 1091 702; x_wconf 76' lang='lat' dir='ltr'>vicesimum</span> <span class='ocrx_word' id='word_1_7' title='bbox 1113 645 1244 715; x_wconf 82' lang='lat' dir='ltr'>primum.</span> <span class='ocrx_word' id='word_1_8' title='bbox 1401 645 1437 700; x_wconf 81' lang='lat'>21</span> 
     </span>
    </p>
   </div>
   <div class='ocr_carea' id='block_1_2' title="bbox 180 809 1441 4743">
    <p class='ocr_par' dir='ltr' id='par_1_2' title="bbox 183 809 1441 1290">
     <span class='ocr_line' id='line_1_2' title="bbox 269 809 1440 912; baseline -0.002 -30"><span class='ocrx_word' id='word_1_9' title='bbox 269 817 363 893; x_wconf 81' lang='grc'>38,5</span> <span class='ocrx_word' id='word_1_10' title='bbox 389 818 523 882; x_wconf 75' lang='lat' dir='ltr'>Taurici</span> <span class='ocrx_word' id='word_1_11' title='bbox 545 817 701 904; x_wconf 71' lang='lat' dir='ltr'>semigolli</span> <span class='ocrx_word' id='word_1_12' title='bbox 722 821 860 897; x_wconf 85' lang='lat' dir='ltr'>Madvig,</span> <span class='ocrx_word' id='word_1_13' title='bbox 883 819 957 882; x_wconf 86' lang='lat' dir='ltr'>wfl.</span> <span class='ocrx_word' id='word_1_14' title='bbox 981 819 1118 882; x_wconf 73' lang='lat' dir='ltr'>taurinis</span> <span class='ocrx_word' id='word_1_15' title='bbox 1141 809 1185 912; x_wconf 58' lang='lat' dir='ltr'>llll}</span> <span class='ocrx_word' id='word_1_16' title='bbox 1206 815 1303 903; x_wconf 75' lang='lat' dir='ltr'>pollio</span> <span class='ocrx_word' id='word_1_17' title='bbox 1320 819 1355 884; x_wconf 82' lang='lat'>0.</span> <span class='ocrx_word' id='word_1_18' title='bbox 1370 828 1440 882; x_wconf 85' lang='lat' dir='ltr'>tnu-</span> 
     </span>
     <span class='ocr_line' id='line_1_3' title="bbox 185 917 1441 1006; baseline 0.002 -24"><span class='ocrx_word' id='word_1_19' title='bbox 185 919 269 982; x_wconf 79' lang='lat' dir='ltr'>riaa&#39;a</span> <span class='ocrx_word' id='word_1_20' title='bbox 292 940 329 982; x_wconf 81' lang='lat' dir='ltr'>ae</span> <span class='ocrx_word' id='word_1_21' title='bbox 348 917 430 1003; x_wconf 72' lang='lat' dir='ltr'>pulli</span> <span class='ocrx_word' id='word_1_22' title='bbox 451 920 494 981; x_wconf 91' lang='lat' dir='ltr'>M.</span> <span class='ocrx_word' id='word_1_23' title='bbox 517 922 655 985; x_wconf 55' lang='lat' dir='ltr'>teudula</span> <span class='ocrx_word' id='word_1_24' title='bbox 673 942 752 1006; x_wconf 86' lang='lat' dir='ltr'>quoe</span> <span class='ocrx_word' id='word_1_25' title='bbox 771 920 889 1004; x_wconf 74' lang='lat' dir='ltr'>polline</span> <span class='ocrx_word' id='word_1_26' title='bbox 911 923 977 984; x_wconf 90' lang='lat' dir='ltr'>cod.</span> <span class='ocrx_word' id='word_1_27' title='bbox 1001 920 1278 1002; x_wconf 83' lang='lat' dir='ltr'>Cantabrigieneis.</span> <span class='ocrx_word' id='word_1_28' title='bbox 1301 920 1336 982; x_wconf 82' lang='lat' dir='ltr'>iu</span> <span class='ocrx_word' id='word_1_29' title='bbox 1357 919 1441 984; x_wconf 81' lang='lat' dir='ltr'>Tou·-</span> 
     </span>
     <span class='ocr_line' id='line_1_4' title="bbox 183 1017 1440 1105; baseline 0.002 -23"><span class='ocrx_word' id='word_1_30' title='bbox 183 1021 277 1094; x_wconf 81' lang='lat' dir='ltr'>rim&#39;e,</span> <span class='ocrx_word' id='word_1_31' title='bbox 299 1041 379 1105; x_wconf 82' lang='lat' dir='ltr'>quoa</span> <span class='ocrx_word' id='word_1_32' title='bbox 402 1017 507 1084; x_wconf 78' lang='lat' dir='ltr'>Gallie</span> <span class='ocrx_word' id='word_1_33' title='bbox 529 1021 655 1104; x_wconf 85' lang='lat' dir='ltr'>(nempe</span> <span class='ocrx_word' id='word_1_34' title='bbox 677 1023 820 1086; x_wconf 70' lang='lat' dir='ltr'>omisisse</span> <span class='ocrx_word' id='word_1_35' title='bbox 841 1023 877 1085; x_wconf 82' lang='lat' dir='ltr'>in</span> <span class='ocrx_word' id='word_1_36' title='bbox 902 1022 936 1084; x_wconf 90' lang='lat' dir='ltr'>T.</span> <span class='ocrx_word' id='word_1_37' title='bbox 960 1027 1034 1100; x_wconf 74' lang='lat' dir='ltr'>eet.)</span> <span class='ocrx_word' id='word_1_38' title='bbox 1061 1024 1088 1085; x_wconf 94' lang='lat' dir='ltr'>l.</span> <span class='ocrx_word' id='word_1_39' title='bbox 1111 1023 1140 1088; x_wconf 83' lang='lat'>3.</span> <span class='ocrx_word' id='word_1_40' title='bbox 1163 1023 1246 1102; x_wconf 85' lang='lat' dir='ltr'>Mog.</span> <span class='ocrx_word' id='word_1_41' title='bbox 1269 1020 1343 1084; x_wconf 81' lang='lat' dir='ltr'>Ald.</span> <span class='ocrx_word' id='word_1_42' title='bbox 1365 1021 1440 1086; x_wconf 85' lang='lat' dir='ltr'>Sob.</span> 
     </span>
     <span class='ocr_line' id='line_1_5' title="bbox 184 1119 1440 1208; baseline 0 -24"><span class='ocrx_word' id='word_1_43' title='bbox 184 1122 278 1184; x_wconf 84' lang='lat' dir='ltr'>Frob.</span> <span class='ocrx_word' id='word_1_44' title='bbox 302 1121 394 1184; x_wconf 85' lang='lat' dir='ltr'>Grnt.</span> <span class='ocrx_word' id='word_1_45' title='bbox 418 1120 514 1186; x_wconf 88' lang='lat' dir='ltr'>Gron.</span> <span class='ocrx_word' id='word_1_46' title='bbox 537 1123 635 1186; x_wconf 85' lang='lat' dir='ltr'>Drak.</span> <span class='ocrx_word' id='word_1_47' title='bbox 658 1145 674 1186; x_wconf 85' lang='lat' dir='ltr'>e</span> <span class='ocrx_word' id='word_1_48' title='bbox 699 1123 859 1199; x_wconf 71' lang='lat' dir='ltr'>Taurinis,</span> <span class='ocrx_word' id='word_1_49' title='bbox 881 1144 961 1208; x_wconf 83' lang='lat' dir='ltr'>qaae</span> <span class='ocrx_word' id='word_1_50' title='bbox 984 1119 1110 1188; x_wconf 75' lang='lat' dir='ltr'>Gallice</span> <span class='ocrx_word' id='word_1_51' title='bbox 1131 1122 1201 1188; x_wconf 82' lang='lat' dir='ltr'>Ale.</span> <span class='ocrx_word' id='word_1_52' title='bbox 1224 1121 1316 1184; x_wconf 87' lang='lat' dir='ltr'>st.</span> <span class='ocrx_word' id='word_1_53' title='bbox 1340 1124 1388 1186; x_wconf 89' lang='lat' dir='ltr'>ed.</span> <span class='ocrx_word' id='word_1_54' title='bbox 1412 1124 1440 1185; x_wconf 90' lang='lat'>1.</span> 
     </span>
     <span class='ocr_line' id='line_1_6' title="bbox 190 1219 709 1290; baseline 0.006 -6"><span class='ocrx_word' id='word_1_55' title='bbox 190 1222 324 1284; x_wconf 68' lang='lat' dir='ltr'>Tourodoi</span> <span class='ocrx_word' id='word_1_56' title='bbox 347 1219 473 1286; x_wconf 75' lang='lat' dir='ltr'>Gallice</span> <span class='ocrx_word' id='word_1_57' title='bbox 494 1223 585 1286; x_wconf 83' lang='lat' dir='ltr'>st.</span> <span class='ocrx_word' id='word_1_58' title='bbox 608 1225 656 1288; x_wconf 90' lang='lat' dir='ltr'>ed.</span> <span class='ocrx_word' id='word_1_59' title='bbox 679 1223 709 1290; x_wconf 91' lang='grc'>6.</span> 
     </span>
    </p>

    <p class='ocr_par' dir='ltr' id='par_1_3' title="bbox 181 1323 1440 3328">
     <span class='ocr_line' id='line_1_7' title="bbox 267 1323 1440 1407; baseline 0.002 -21"><span class='ocrx_word' id='word_1_60' title='bbox 267 1323 375 1386; x_wconf 83' lang='lat' dir='ltr'>Finita</span> <span class='ocrx_word' id='word_1_61' title='bbox 402 1323 580 1388; x_wconf 72' lang='lat' dir='ltr'><strong>narratione</strong></span> <span class='ocrx_word' id='word_1_62' title='bbox 610 1329 648 1390; x_wconf 87' lang='lat' dir='ltr'>de</span> <span class='ocrx_word' id='word_1_63' title='bbox 671 1325 806 1389; x_wconf 85' lang='lat' dir='ltr'>transitu</span> <span class='ocrx_word' id='word_1_64' title='bbox 828 1325 957 1407; x_wconf 85' lang='lat' dir='ltr'><strong>Alpium</strong></span> <span class='ocrx_word' id='word_1_65' title='bbox 981 1326 1073 1389; x_wconf 89' lang='lat' dir='ltr'>etde</span> <span class='ocrx_word' id='word_1_66' title='bbox 1097 1325 1215 1389; x_wconf 89' lang='lat' dir='ltr'>minuto</span> <span class='ocrx_word' id='word_1_67' title='bbox 1238 1343 1364 1388; x_wconf 90' lang='lat' dir='ltr'>numero</span> <span class='ocrx_word' id='word_1_68' title='bbox 1387 1345 1440 1388; x_wconf 93' lang='lat' dir='ltr'>co·</span> 
     </span>
     <span class='ocr_line' id='line_1_8' title="bbox 184 1425 1439 1507; baseline 0.002 -21"><span class='ocrx_word' id='word_1_69' title='bbox 184 1425 316 1504; x_wconf 86' lang='lat' dir='ltr'>piarum,</span> <span class='ocrx_word' id='word_1_70' title='bbox 352 1433 387 1486; x_wconf 92' lang='lat' dir='ltr'>ut</span> <span class='ocrx_word' id='word_1_71' title='bbox 410 1425 535 1500; x_wconf 89' lang='lat' dir='ltr'>bellum,</span> <span class='ocrx_word' id='word_1_72' title='bbox 569 1429 650 1507; x_wconf 92' lang='lat' dir='ltr'>quod</span> <span class='ocrx_word' id='word_1_73' title='bbox 673 1427 755 1490; x_wconf 89' lang='lat' dir='ltr'>inter</span> <span class='ocrx_word' id='word_1_74' title='bbox 777 1427 929 1490; x_wconf 73' lang='lat' dir='ltr'><strong>Taurinos</strong></span> <span class='ocrx_word' id='word_1_75' title='bbox 951 1435 984 1490; x_wconf 83' lang='lat' dir='ltr'>et</span> <span class='ocrx_word' id='word_1_76' title='bbox 1006 1427 1152 1488; x_wconf 81' lang='lat' dir='ltr'><strong>Insubres</strong></span> <span class='ocrx_word' id='word_1_77' title='bbox 1175 1435 1253 1500; x_wconf 87' lang='lat' dir='ltr'>erat,</span> <span class='ocrx_word' id='word_1_78' title='bbox 1276 1425 1439 1500; x_wconf 77' lang='lat' dir='ltr'>ordiretur,</span> 
     </span>
     <span class='ocr_line' id='line_1_9' title="bbox 182 1525 1439 1609; baseline 0.001 -22"><span class='ocrx_word' id='word_1_79' title='bbox 182 1525 291 1588; x_wconf 87' lang='lat' dir='ltr'>Livius</span> <span class='ocrx_word' id='word_1_80' title='bbox 324 1527 377 1588; x_wconf 85' lang='lat' dir='ltr'>vix</span> <span class='ocrx_word' id='word_1_81' title='bbox 409 1526 495 1589; x_wconf 88' lang='lat' dir='ltr'>illem</span> <span class='ocrx_word' id='word_1_82' title='bbox 529 1535 651 1608; x_wconf 83' lang='lat' dir='ltr'>gentem</span> <span class='ocrx_word' id='word_1_83' title='bbox 686 1528 916 1602; x_wconf 80' lang='lat' dir='ltr'>nominaverat,</span> <span class='ocrx_word' id='word_1_84' title='bbox 949 1547 1017 1590; x_wconf 90' lang='lat' dir='ltr'>cum</span> <span class='ocrx_word' id='word_1_85' title='bbox 1045 1527 1077 1589; x_wconf 95' lang='lat' dir='ltr'>in</span> <span class='ocrx_word' id='word_1_86' title='bbox 1104 1528 1186 1590; x_wconf 87' lang='lat' dir='ltr'>benc</span> <span class='ocrx_word' id='word_1_87' title='bbox 1214 1527 1439 1609; x_wconf 86' lang='lat' dir='ltr'>quaestionem,</span> 
     </span>
     <span class='ocr_line' id='line_1_10' title="bbox 184 1626 1439 1710; baseline 0.001 -21"><span class='ocrx_word' id='word_1_88' title='bbox 184 1645 319 1708; x_wconf 86' lang='lat' dir='ltr'>quanam</span> <span class='ocrx_word' id='word_1_89' title='bbox 343 1626 442 1707; x_wconf 82' lang='lat' dir='ltr'>Alpes</span> <span class='ocrx_word' id='word_1_90' title='bbox 465 1628 625 1690; x_wconf 87' lang='lat' dir='ltr'>transierit</span> <span class='ocrx_word' id='word_1_91' title='bbox 646 1629 816 1702; x_wconf 82' lang='lat' dir='ltr'>Hannibal,</span> <span class='ocrx_word' id='word_1_92' title='bbox 838 1629 956 1692; x_wconf 89' lang='lat' dir='ltr'>incidit.</span> <span class='ocrx_word' id='word_1_93' title='bbox 1001 1631 1190 1710; x_wconf 83' lang='lat' dir='ltr'>Postquam</span> <span class='ocrx_word' id='word_1_94' title='bbox 1213 1627 1384 1708; x_wconf 83' lang='lat' dir='ltr'>digressum</span> <span class='ocrx_word' id='word_1_95' title='bbox 1398 1629 1439 1690; x_wconf 84' lang='lat' dir='ltr'>ad</span> 
     </span>
     <span class='ocr_line' id='line_1_11' title="bbox 184 1729 1439 1793; baseline 0.001 -2"><span class='ocrx_word' id='word_1_96' title='bbox 184 1729 314 1791; x_wconf 90' lang='lat' dir='ltr'>eandem</span> <span class='ocrx_word' id='word_1_97' title='bbox 337 1749 401 1790; x_wconf 90' lang='lat' dir='ltr'>rem</span> <span class='ocrx_word' id='word_1_98' title='bbox 425 1733 723 1792; x_wconf 82' lang='lat' dir='ltr'>commemorandam</span> <span class='ocrx_word' id='word_1_99' title='bbox 747 1731 787 1792; x_wconf 90' lang='lat' dir='ltr'>ab</span> <span class='ocrx_word' id='word_1_100' title='bbox 810 1730 858 1792; x_wconf 91' lang='lat' dir='ltr'>his</span> <span class='ocrx_word' id='word_1_101' title='bbox 881 1730 984 1793; x_wconf 87' lang='lat' dir='ltr'>verbis</span> <span class='ocrx_word' id='word_1_102' title='bbox 1007 1749 1135 1792; x_wconf 81' lang='lat' dir='ltr'>exorsus</span> <span class='ocrx_word' id='word_1_103' title='bbox 1156 1729 1337 1792; x_wconf 88' lang='lat' dir='ltr'>revertitur:</span> <span class='ocrx_word' id='word_1_104' title='bbox 1360 1729 1439 1792; x_wconf 86' lang='lat' dir='ltr'>Per·</span> 
     </span>
     <span class='ocr_line' id='line_1_12' title="bbox 183 1829 1439 1912; baseline 0 -20"><span class='ocrx_word' id='word_1_105' title='bbox 183 1837 357 1910; x_wconf 88' lang='lat' dir='ltr'>opportune</span> <span class='ocrx_word' id='word_1_106' title='bbox 391 1831 430 1891; x_wconf 86' lang='lat' dir='ltr'>ad</span> <span class='ocrx_word' id='word_1_107' title='bbox 465 1830 616 1910; x_wconf 87' lang='lat' dir='ltr'>principia</span> <span class='ocrx_word' id='word_1_108' title='bbox 644 1851 744 1894; x_wconf 88' lang='lat' dir='ltr'>rerum</span> <span class='ocrx_word' id='word_1_109' title='bbox 768 1831 923 1905; x_wconf 81' lang='lat' dir='ltr'>Taurinis,</span> <span class='ocrx_word' id='word_1_110' title='bbox 956 1831 1115 1910; x_wconf 85' lang='lat' dir='ltr'>proximae</span> <span class='ocrx_word' id='word_1_111' title='bbox 1138 1831 1223 1912; x_wconf 90' lang='lat' dir='ltr'>genti</span> <span class='ocrx_word' id='word_1_112' title='bbox 1246 1838 1305 1893; x_wconf 89' lang='lat' dir='ltr'>oet.</span> <span class='ocrx_word' id='word_1_113' title='bbox 1348 1829 1439 1892; x_wconf 89' lang='lat' dir='ltr'>Licet</span> 
     </span>
     <span class='ocr_line' id='line_1_13' title="bbox 184 1931 1438 2012; baseline 0.001 -20"><span class='ocrx_word' id='word_1_114' title='bbox 184 1931 335 2011; x_wconf 86' lang='lat' dir='ltr'>suspicari</span> <span class='ocrx_word' id='word_1_115' title='bbox 358 1931 419 1992; x_wconf 87' lang='lat' dir='ltr'>iam</span> <span class='ocrx_word' id='word_1_116' title='bbox 443 1932 483 1992; x_wconf 95' lang='lat' dir='ltr'>ab</span> <span class='ocrx_word' id='word_1_117' title='bbox 505 1931 594 1994; x_wconf 88' lang='lat' dir='ltr'>initio</span> <span class='ocrx_word' id='word_1_118' title='bbox 617 1933 657 1994; x_wconf 89' lang='lat' dir='ltr'>ad</span> <span class='ocrx_word' id='word_1_119' title='bbox 680 1933 762 1995; x_wconf 92' lang='lat' dir='ltr'>hunc</span> <span class='ocrx_word' id='word_1_120' title='bbox 784 1934 907 1995; x_wconf 89' lang='lat' dir='ltr'>modum</span> <span class='ocrx_word' id='word_1_121' title='bbox 931 1932 1118 2012; x_wconf 87' lang='lat' dir='ltr'>scripturum</span> <span class='ocrx_word' id='word_1_122' title='bbox 1141 1931 1253 1994; x_wconf 85' lang='lat' dir='ltr'>inisse:</span> <span class='ocrx_word' id='word_1_123' title='bbox 1282 1931 1438 2005; x_wconf 82' lang='lat' dir='ltr'>Taurinis,</span> 
     </span>
     <span class='ocr_line' id='line_1_14' title="bbox 184 2031 1438 2114; baseline 0.002 -22"><span class='ocrx_word' id='word_1_124' title='bbox 184 2051 263 2112; x_wconf 88' lang='lat' dir='ltr'>qnae</span> <span class='ocrx_word' id='word_1_125' title='bbox 297 2031 421 2094; x_wconf 85' lang='lat' dir='ltr'>Galliae</span> <span class='ocrx_word' id='word_1_126' title='bbox 454 2032 596 2112; x_wconf 86' lang='lat' dir='ltr'>proxima</span> <span class='ocrx_word' id='word_1_127' title='bbox 628 2053 703 2114; x_wconf 89' lang='lat' dir='ltr'>gens</span> <span class='ocrx_word' id='word_1_128' title='bbox 737 2041 805 2094; x_wconf 89' lang='lat' dir='ltr'>erat</span> <span class='ocrx_word' id='word_1_129' title='bbox 831 2034 861 2095; x_wconf 91' lang='lat' dir='ltr'>in</span> <span class='ocrx_word' id='word_1_130' title='bbox 884 2032 1010 2095; x_wconf 87' lang='lat' dir='ltr'>Italiam</span> <span class='ocrx_word' id='word_1_131' title='bbox 1034 2034 1189 2114; x_wconf 88' lang='lat' dir='ltr'>degresso,</span> <span class='ocrx_word' id='word_1_132' title='bbox 1211 2034 1360 2095; x_wconf 88' lang='lat' dir='ltr'>adversus</span> <span class='ocrx_word' id='word_1_133' title='bbox 1382 2033 1438 2094; x_wconf 91' lang='lat' dir='ltr'>ln-</span> 
     </span>
     <span class='ocr_line' id='line_1_15' title="bbox 183 2133 1437 2198; baseline 0.002 -4"><span class='ocrx_word' id='word_1_134' title='bbox 183 2134 292 2194; x_wconf 87' lang='lat' dir='ltr'>snbres</span> <span class='ocrx_word' id='word_1_135' title='bbox 316 2140 432 2194; x_wconf 87' lang='lat' dir='ltr'>motum</span> <span class='ocrx_word' id='word_1_136' title='bbox 455 2133 570 2195; x_wconf 88' lang='lat' dir='ltr'>bellum</span> <span class='ocrx_word' id='word_1_137' title='bbox 594 2142 671 2196; x_wconf 88' lang='lat' dir='ltr'>erat.</span> <span class='ocrx_word' id='word_1_138' title='bbox 714 2135 765 2198; x_wconf 89' lang='lat' dir='ltr'>Ad</span> <span class='ocrx_word' id='word_1_139' title='bbox 789 2135 870 2197; x_wconf 92' lang='lat' dir='ltr'>hanc</span> <span class='ocrx_word' id='word_1_140' title='bbox 892 2153 964 2196; x_wconf 90' lang='lat' dir='ltr'>vero</span> <span class='ocrx_word' id='word_1_141' title='bbox 987 2133 1249 2197; x_wconf 82' lang='lat' dir='ltr'>continuationem</span> <span class='ocrx_word' id='word_1_142' title='bbox 1274 2135 1437 2196; x_wconf 86' lang='lat' dir='ltr'>verborum</span> 
     </span>
     <span class='ocr_line' id='line_1_16' title="bbox 183 2233 1439 2315; baseline 0.002 -19"><span class='ocrx_word' id='word_1_143' title='bbox 183 2235 263 2315; x_wconf 93' lang='lat' dir='ltr'>quod</span> <span class='ocrx_word' id='word_1_144' title='bbox 288 2233 409 2313; x_wconf 87' lang='lat' dir='ltr'>proprie</span> <span class='ocrx_word' id='word_1_145' title='bbox 432 2233 611 2313; x_wconf 86' lang='lat' dir='ltr'>pertinebat</span> <span class='ocrx_word' id='word_1_146' title='bbox 632 2235 753 2297; x_wconf 84' lang='lat' dir='ltr'>initium</span> <span class='ocrx_word' id='word_1_147' title='bbox 778 2235 903 2297; x_wconf 88' lang='lat' dir='ltr'>coneilio</span> <span class='ocrx_word' id='word_1_148' title='bbox 927 2242 1048 2296; x_wconf 88' lang='lat' dir='ltr'>rnntato</span> <span class='ocrx_word' id='word_1_149' title='bbox 1071 2254 1130 2297; x_wconf 91' lang='lat' dir='ltr'>non</span> <span class='ocrx_word' id='word_1_150' title='bbox 1153 2235 1242 2314; x_wconf 90' lang='lat' dir='ltr'>plene</span> <span class='ocrx_word' id='word_1_151' title='bbox 1266 2243 1439 2298; x_wconf 87' lang='lat' dir='ltr'>commnta-</span> 
     </span>
     <span class='ocr_line' id='line_1_17' title="bbox 184 2334 1437 2417; baseline 0.002 -21"><span class='ocrx_word' id='word_1_152' title='bbox 184 2342 249 2396; x_wconf 92' lang='lat' dir='ltr'>tnm</span> <span class='ocrx_word' id='word_1_153' title='bbox 279 2342 342 2396; x_wconf 86' lang='lat' dir='ltr'>est:</span> <span class='ocrx_word' id='word_1_154' title='bbox 375 2334 493 2415; x_wconf 88' lang='lat' dir='ltr'>itaque,</span> <span class='ocrx_word' id='word_1_155' title='bbox 521 2344 555 2397; x_wconf 90' lang='lat' dir='ltr'>nt</span> <span class='ocrx_word' id='word_1_156' title='bbox 577 2337 751 2417; x_wconf 88' lang='lat' dir='ltr'>acqualiter</span> <span class='ocrx_word' id='word_1_157' title='bbox 773 2337 851 2398; x_wconf 87' lang='lat' dir='ltr'>fluat</span> <span class='ocrx_word' id='word_1_158' title='bbox 873 2335 983 2410; x_wconf 90' lang='lat' dir='ltr'>oratio,</span> <span class='ocrx_word' id='word_1_159' title='bbox 1005 2334 1117 2398; x_wconf 89' lang='lat' dir='ltr'>deletis</span> <span class='ocrx_word' id='word_1_160' title='bbox 1138 2334 1301 2398; x_wconf 86' lang='lat' dir='ltr'>inutilibus</span> <span class='ocrx_word' id='word_1_161' title='bbox 1324 2334 1437 2398; x_wconf 88' lang='lat' dir='ltr'>litteris</span> 
     </span>
     <span class='ocr_line' id='line_1_18' title="bbox 183 2434 1438 2516; baseline 0.001 -19"><span class='ocrx_word' id='word_1_162' title='bbox 183 2436 224 2497; x_wconf 90' lang='lat' dir='ltr'>ad</span> <span class='ocrx_word' id='word_1_163' title='bbox 247 2435 422 2516; x_wconf 82' lang='lat' dir='ltr'>exemplum</span> <span class='ocrx_word' id='word_1_164' title='bbox 446 2434 691 2500; x_wconf 89' lang='lat' dir='ltr'>Weissenbornii</span> <span class='ocrx_word' id='word_1_165' title='bbox 714 2437 759 2500; x_wconf 91' lang='lat' dir='ltr'>sie</span> <span class='ocrx_word' id='word_1_166' title='bbox 780 2438 863 2500; x_wconf 88' lang='lat' dir='ltr'>hunc</span> <span class='ocrx_word' id='word_1_167' title='bbox 885 2437 985 2500; x_wconf 91' lang='lat' dir='ltr'>locum</span> <span class='ocrx_word' id='word_1_168' title='bbox 1008 2437 1136 2500; x_wconf 89' lang='lat' dir='ltr'>reddere</span> <span class='ocrx_word' id='word_1_169' title='bbox 1159 2458 1175 2499; x_wconf 92' lang='lat' dir='ltr'>e</span> <span class='ocrx_word' id='word_1_170' title='bbox 1198 2457 1230 2499; x_wconf 88' lang='lat' dir='ltr'>re</span> <span class='ocrx_word' id='word_1_171' title='bbox 1250 2436 1325 2498; x_wconf 84' lang='lat' dir='ltr'>erit:</span> <span class='ocrx_word' id='word_1_172' title='bbox 1352 2435 1438 2500; x_wconf 83' lang='lat' dir='ltr'>Toa-</span> 
     </span>
     <span class='ocr_line' id='line_1_19' title="bbox 183 2533 1437 2622; baseline 0.002 -24"><span class='ocrx_word' id='word_1_173' title='bbox 183 2537 249 2600; x_wconf 81' lang='lat' dir='ltr'>ru&#39;m&#39;</span> <span class='ocrx_word' id='word_1_174' title='bbox 284 2533 409 2600; x_wconf 79' lang='lat' dir='ltr'>Galliae</span> <span class='ocrx_word' id='word_1_175' title='bbox 430 2537 584 2620; x_wconf 71' lang='lat' dir='ltr'>proximo</span> <span class='ocrx_word' id='word_1_176' title='bbox 603 2559 679 2622; x_wconf 77' lang='lat' dir='ltr'>pena</span> <span class='ocrx_word' id='word_1_177' title='bbox 700 2548 767 2600; x_wconf 82' lang='lat' dir='ltr'>arat</span> <span class='ocrx_word' id='word_1_178' title='bbox 788 2538 823 2600; x_wconf 80' lang='lat' dir='ltr'>in</span> <span class='ocrx_word' id='word_1_179' title='bbox 844 2536 977 2600; x_wconf 82' lang='lat' dir='ltr'>Italiam</span> <span class='ocrx_word' id='word_1_180' title='bbox 999 2538 1142 2621; x_wconf 74' lang='lat' dir='ltr'>degreew</span> <span class='ocrx_word' id='word_1_181' title='bbox 1163 2536 1200 2621; x_wconf 88' lang='lat' dir='ltr'>(i.</span> <span class='ocrx_word' id='word_1_182' title='bbox 1224 2559 1250 2600; x_wconf 90' lang='lat' dir='ltr'>e.</span> <span class='ocrx_word' id='word_1_183' title='bbox 1273 2537 1305 2599; x_wconf 95' lang='lat' dir='ltr'>in</span> <span class='ocrx_word' id='word_1_184' title='bbox 1327 2557 1365 2600; x_wconf 89' lang='lat' dir='ltr'>ee</span> <span class='ocrx_word' id='word_1_185' title='bbox 1386 2556 1437 2600; x_wconf 85' lang='lat' dir='ltr'>re-</span> 
     </span>
     <span class='ocr_line' id='line_1_20' title="bbox 182 2637 1438 2720; baseline 0.002 -22"><span class='ocrx_word' id='word_1_186' title='bbox 182 2638 282 2718; x_wconf 91' lang='lat' dir='ltr'>gione,</span> <span class='ocrx_word' id='word_1_187' title='bbox 306 2638 357 2700; x_wconf 91' lang='lat' dir='ltr'>ubi</span> <span class='ocrx_word' id='word_1_188' title='bbox 379 2637 538 2700; x_wconf 87' lang='lat' dir='ltr'>Hannibal</span> <span class='ocrx_word' id='word_1_189' title='bbox 561 2639 592 2701; x_wconf 92' lang='lat' dir='ltr'>in</span> <span class='ocrx_word' id='word_1_190' title='bbox 616 2639 740 2702; x_wconf 90' lang='lat' dir='ltr'>ltaliam</span> <span class='ocrx_word' id='word_1_191' title='bbox 764 2641 928 2720; x_wconf 87' lang='lat' dir='ltr'>degressus</span> <span class='ocrx_word' id='word_1_192' title='bbox 951 2646 1028 2700; x_wconf 89' lang='lat' dir='ltr'>erat.</span> <span class='ocrx_word' id='word_1_193' title='bbox 1062 2641 1203 2702; x_wconf 82' lang='lat' dir='ltr'>Fuerunt</span> <span class='ocrx_word' id='word_1_194' title='bbox 1225 2638 1306 2701; x_wconf 88' lang='lat' dir='ltr'>enim</span> <span class='ocrx_word' id='word_1_195' title='bbox 1320 2638 1351 2701; x_wconf 90' lang='lat' dir='ltr'>iu</span> <span class='ocrx_word' id='word_1_196' title='bbox 1368 2638 1438 2701; x_wconf 90' lang='lat' dir='ltr'>aliis</span> 
     </span>
     <span class='ocr_line' id='line_1_21' title="bbox 182 2739 1437 2822; baseline 0 -21"><span class='ocrx_word' id='word_1_197' title='bbox 182 2739 359 2820; x_wconf 87' lang='lat' dir='ltr'>regionibns</span> <span class='ocrx_word' id='word_1_198' title='bbox 382 2739 435 2801; x_wconf 91' lang='lat' dir='ltr'>alii</span> <span class='ocrx_word' id='word_1_199' title='bbox 457 2740 563 2820; x_wconf 91' lang='lat' dir='ltr'>populi</span> <span class='ocrx_word' id='word_1_200' title='bbox 586 2739 710 2804; x_wconf 88' lang='lat' dir='ltr'>Galliae</span> <span class='ocrx_word' id='word_1_201' title='bbox 733 2739 850 2821; x_wconf 87' lang='lat' dir='ltr'>pariter</span> <span class='ocrx_word' id='word_1_202' title='bbox 872 2739 1022 2822; x_wconf 84' lang='lat' dir='ltr'>finitimi),</span> <span class='ocrx_word' id='word_1_203' title='bbox 1045 2740 1104 2802; x_wconf 90' lang='lat' dir='ltr'>nisi</span> <span class='ocrx_word' id='word_1_204' title='bbox 1127 2739 1437 2820; x_wconf 86' lang='lat' dir='ltr'>malisinterruptam</span> 
     </span>
     <span class='ocr_line' id='line_1_22' title="bbox 181 2840 1437 2923; baseline 0.002 -22"><span class='ocrx_word' id='word_1_205' title='bbox 181 2840 448 2921; x_wconf 81' lang='lat' dir='ltr'>inperfectamque</span> <span class='ocrx_word' id='word_1_206' title='bbox 471 2841 642 2904; x_wconf 87' lang='lat' dir='ltr'>orationem</span> <span class='ocrx_word' id='word_1_207' title='bbox 665 2841 854 2923; x_wconf 86' lang='lat' dir='ltr'>relinquere;</span> <span class='ocrx_word' id='word_1_208' title='bbox 877 2843 963 2904; x_wconf 88' lang='lat' dir='ltr'>ouius</span> <span class='ocrx_word' id='word_1_209' title='bbox 981 2842 1105 2922; x_wconf 90' lang='lat' dir='ltr'>quidem</span> <span class='ocrx_word' id='word_1_210' title='bbox 1121 2841 1339 2904; x_wconf 88' lang='lat' dir='ltr'>anacolutbiae</span> <span class='ocrx_word' id='word_1_211' title='bbox 1354 2843 1437 2921; x_wconf 89' lang='lat' dir='ltr'>apud</span> 
     </span>
     <span class='ocr_line' id='line_1_23' title="bbox 183 2941 1437 3022; baseline 0.002 -20"><span class='ocrx_word' id='word_1_212' title='bbox 183 2941 317 3013; x_wconf 89' lang='lat' dir='ltr'>Livium,</span> <span class='ocrx_word' id='word_1_213' title='bbox 351 2941 377 3002; x_wconf 90' lang='lat' dir='ltr'>si</span> <span class='ocrx_word' id='word_1_214' title='bbox 406 2941 479 3022; x_wconf 90' lang='lat' dir='ltr'>quid</span> <span class='ocrx_word' id='word_1_215' title='bbox 502 2942 727 3006; x_wconf 85' lang='lat' dir='ltr'>continuationi</span> <span class='ocrx_word' id='word_1_216' title='bbox 749 2944 900 3006; x_wconf 89' lang='lat' dir='ltr'>sermonis</span> <span class='ocrx_word' id='word_1_217' title='bbox 923 2942 1056 3006; x_wconf 91' lang='lat' dir='ltr'>medium</span> <span class='ocrx_word' id='word_1_218' title='bbox 1079 2942 1277 3022; x_wconf 81' lang='lat' dir='ltr'>interposuit,</span> <span class='ocrx_word' id='word_1_219' title='bbox 1300 2962 1359 3004; x_wconf 89' lang='lat' dir='ltr'>non</span> <span class='ocrx_word' id='word_1_220' title='bbox 1382 2943 1437 3005; x_wconf 90' lang='lat' dir='ltr'>de-</span> 
     </span>
     <span class='ocr_line' id='line_1_24' title="bbox 182 3042 1438 3127; baseline 0.002 -23"><span class='ocrx_word' id='word_1_221' title='bbox 182 3049 256 3104; x_wconf 88' lang='lat' dir='ltr'>sont</span> <span class='ocrx_word' id='word_1_222' title='bbox 278 3042 430 3122; x_wconf 87' lang='lat' dir='ltr'>exempla.</span> <span class='ocrx_word' id='word_1_223' title='bbox 454 3044 505 3118; x_wconf 86' lang='lat'>22,</span> <span class='ocrx_word' id='word_1_224' title='bbox 529 3043 578 3117; x_wconf 88' lang='grc'>18,</span> <span class='ocrx_word' id='word_1_225' title='bbox 600 3042 621 3106; x_wconf 92' lang='grc'>8</span> <span class='ocrx_word' id='word_1_226' title='bbox 643 3064 709 3125; x_wconf 89' lang='lat' dir='ltr'><strong>sqq.</strong></span> <span class='ocrx_word' id='word_1_227' title='bbox 732 3043 899 3127; x_wconf 85' lang='lat' dir='ltr'>(dictator)</span> <span class='ocrx_word' id='word_1_228' title='bbox 923 3063 1018 3124; x_wconf 86' lang='lat' dir='ltr'>agens</span> <span class='ocrx_word' id='word_1_229' title='bbox 1041 3063 1109 3106; x_wconf 90' lang='lat' dir='ltr'>oum</span> <span class='ocrx_word' id='word_1_230' title='bbox 1126 3043 1275 3124; x_wconf 86' lang='lat' dir='ltr'>magistro</span> <span class='ocrx_word' id='word_1_231' title='bbox 1288 3043 1438 3124; x_wconf 87' lang='lat' dir='ltr'>equitum,</span> 
     </span>
     <span class='ocr_line' id='line_1_25' title="bbox 183 3142 1437 3226; baseline 0.002 -22"><span class='ocrx_word' id='word_1_232' title='bbox 183 3152 219 3204; x_wconf 88' lang='lat' dir='ltr'>ut</span> <span class='ocrx_word' id='word_1_233' title='bbox 241 3142 430 3223; x_wconf 85' lang='lat' dir='ltr'>(sequuntur</span> <span class='ocrx_word' id='word_1_234' title='bbox 451 3164 507 3206; x_wconf 84' lang='lat' dir='ltr'>sex</span> <span class='ocrx_word' id='word_1_235' title='bbox 528 3146 652 3224; x_wconf 84' lang='lat' dir='ltr'>versus)</span> <span class='ocrx_word' id='word_1_236' title='bbox 681 3181 715 3190; x_wconf 91' lang='grc'>-</span> <span class='ocrx_word' id='word_1_237' title='bbox 745 3145 822 3208; x_wconf 90' lang='lat' dir='ltr'>baec</span> <span class='ocrx_word' id='word_1_238' title='bbox 845 3144 1049 3226; x_wconf 88' lang='lat' dir='ltr'>nequicquam</span> <span class='ocrx_word' id='word_1_239' title='bbox 1073 3144 1266 3226; x_wconf 89' lang='lat' dir='ltr'>praemonito</span> <span class='ocrx_word' id='word_1_240' title='bbox 1289 3145 1437 3225; x_wconf 88' lang='lat' dir='ltr'>magistro</span> 
     </span>
     <span class='ocr_line' id='line_1_26' title="bbox 183 3242 1436 3328; baseline 0 -22"><span class='ocrx_word' id='word_1_241' title='bbox 183 3242 321 3324; x_wconf 87' lang='lat' dir='ltr'>equitum</span> <span class='ocrx_word' id='word_1_242' title='bbox 344 3244 474 3306; x_wconf 89' lang='lat' dir='ltr'>Romam</span> <span class='ocrx_word' id='word_1_243' title='bbox 499 3253 547 3308; x_wconf 87' lang='lat' dir='ltr'>est</span> <span class='ocrx_word' id='word_1_244' title='bbox 569 3247 734 3328; x_wconf 81' lang='lat' dir='ltr'>profectus.</span> <span class='ocrx_word' id='word_1_245' title='bbox 765 3245 815 3320; x_wconf 81' lang='lat'>38,</span> <span class='ocrx_word' id='word_1_246' title='bbox 838 3247 888 3320; x_wconf 85' lang='lat'>55,</span> <span class='ocrx_word' id='word_1_247' title='bbox 911 3246 994 3308; x_wconf 85' lang='lat'>2-4</span> <span class='ocrx_word' id='word_1_248' title='bbox 1017 3246 1069 3310; x_wconf 88' lang='lat' dir='ltr'>Ad</span> <span class='ocrx_word' id='word_1_249' title='bbox 1092 3246 1173 3309; x_wconf 91' lang='lat' dir='ltr'>bunc</span> <span class='ocrx_word' id='word_1_250' title='bbox 1188 3253 1360 3326; x_wconf 81' lang='lat' dir='ltr'>praetorem</span> <span class='ocrx_word' id='word_1_251' title='bbox 1377 3254 1436 3308; x_wconf 91' lang='lat' dir='ltr'>cet.</span> 
     </span>
    </p>

    <p class='ocr_par' dir='ltr' id='par_1_4' title="bbox 180 3344 1437 4743">
     <span class='ocr_line' id='line_1_27' title="bbox 265 3344 1436 3430; baseline 0.002 -24"><span class='ocrx_word' id='word_1_252' title='bbox 265 3344 315 3406; x_wconf 82' lang='lat' dir='ltr'>Ex</span> <span class='ocrx_word' id='word_1_253' title='bbox 338 3363 383 3417; x_wconf 88' lang='lat' dir='ltr'>eo,</span> <span class='ocrx_word' id='word_1_254' title='bbox 417 3346 498 3426; x_wconf 93' lang='lat' dir='ltr'>quod</span> <span class='ocrx_word' id='word_1_255' title='bbox 520 3347 558 3409; x_wconf 86' lang='lat' dir='ltr'>da</span> <span class='ocrx_word' id='word_1_256' title='bbox 581 3349 615 3410; x_wconf 91' lang='lat' dir='ltr'><strong>M</strong></span> <span class='ocrx_word' id='word_1_257' title='bbox 636 3355 773 3421; x_wconf 89' lang='lat' dir='ltr'>notatur,</span> <span class='ocrx_word' id='word_1_258' title='bbox 802 3347 939 3410; x_wconf 54' lang='lat' dir='ltr'>teudula</span> <span class='ocrx_word' id='word_1_259' title='bbox 960 3369 998 3408; x_wconf 80' lang='lat' dir='ltr'>ne</span> <span class='ocrx_word' id='word_1_260' title='bbox 1016 3345 1107 3430; x_wconf 74' lang='lat' dir='ltr'>pulli,</span> <span class='ocrx_word' id='word_1_261' title='bbox 1130 3356 1224 3428; x_wconf 88' lang='lat' dir='ltr'>atque</span> <span class='ocrx_word' id='word_1_262' title='bbox 1247 3366 1285 3408; x_wconf 89' lang='lat' dir='ltr'>ex</span> <span class='ocrx_word' id='word_1_263' title='bbox 1307 3345 1384 3408; x_wconf 87' lang='lat' dir='ltr'>Lov.</span> <span class='ocrx_word' id='word_1_264' title='bbox 1408 3347 1436 3408; x_wconf 90' lang='lat'>1.</span> 
     </span>
     <span class='ocr_line' id='line_1_28' title="bbox 182 3444 1437 3530; baseline 0.003 -25"><span class='ocrx_word' id='word_1_265' title='bbox 182 3453 214 3506; x_wconf 90' lang='lat' dir='ltr'>et</span> <span class='ocrx_word' id='word_1_266' title='bbox 236 3446 265 3506; x_wconf 87' lang='grc'>3.</span> <span class='ocrx_word' id='word_1_267' title='bbox 289 3445 424 3508; x_wconf 67' lang='lat' dir='ltr'>lamnis</span> <span class='ocrx_word' id='word_1_268' title='bbox 445 3467 483 3510; x_wconf 82' lang='lat' dir='ltr'>ne</span> <span class='ocrx_word' id='word_1_269' title='bbox 502 3445 608 3530; x_wconf 76' lang='lat' dir='ltr'>pollio,</span> <span class='ocrx_word' id='word_1_270' title='bbox 641 3449 746 3529; x_wconf 89' lang='lat' dir='ltr'>posuit</span> <span class='ocrx_word' id='word_1_271' title='bbox 767 3449 896 3528; x_wconf 85' lang='lat' dir='ltr'>Madvig</span> <span class='ocrx_word' id='word_1_272' title='bbox 924 3449 1063 3512; x_wconf 89' lang='lat' dir='ltr'>codicum</span> <span class='ocrx_word' id='word_1_273' title='bbox 1086 3449 1271 3528; x_wconf 86' lang='lat' dir='ltr'>scripturam</span> <span class='ocrx_word' id='word_1_274' title='bbox 1294 3444 1437 3530; x_wconf 72' lang='lat' dir='ltr'>acepalli,</span> 
     </span>
     <span class='ocr_line' id='line_1_29' title="bbox 180 3545 1436 3633; baseline 0.004 -27"><span class='ocrx_word' id='word_1_275' title='bbox 180 3545 212 3608; x_wconf 90' lang='lat' dir='ltr'>in</span> <span class='ocrx_word' id='word_1_276' title='bbox 246 3563 308 3625; x_wconf 86' lang='lat' dir='ltr'>qua</span> <span class='ocrx_word' id='word_1_277' title='bbox 340 3546 438 3610; x_wconf 88' lang='lat' dir='ltr'>latere</span> <span class='ocrx_word' id='word_1_278' title='bbox 471 3557 564 3626; x_wconf 84' lang='lat' dir='ltr'>putat</span> <span class='ocrx_word' id='word_1_279' title='bbox 592 3569 704 3613; x_wconf 89' lang='lat' dir='ltr'>novum</span> <span class='ocrx_word' id='word_1_280' title='bbox 735 3549 812 3612; x_wconf 91' lang='lat' dir='ltr'>illud</span> <span class='ocrx_word' id='word_1_281' title='bbox 834 3546 1007 3633; x_wconf 69' lang='lat' dir='ltr'>Semipolld</span> <span class='ocrx_word' id='word_1_282' title='bbox 1051 3551 1170 3612; x_wconf 87' lang='lat' dir='ltr'>Tamen</span> <span class='ocrx_word' id='word_1_283' title='bbox 1193 3568 1232 3612; x_wconf 82' lang='lat' dir='ltr'>ex</span> <span class='ocrx_word' id='word_1_284' title='bbox 1254 3548 1320 3612; x_wconf 91' lang='lat' dir='ltr'>cod.</span> <span class='ocrx_word' id='word_1_285' title='bbox 1344 3548 1436 3612; x_wconf 84' lang='lat' dir='ltr'>Gant.</span> 
     </span>
     <span class='ocr_line' id='line_1_30' title="bbox 182 3649 1436 3732; baseline 0.002 -24"><span class='ocrx_word' id='word_1_286' title='bbox 182 3665 241 3708; x_wconf 92' lang='lat' dir='ltr'>non</span> <span class='ocrx_word' id='word_1_287' title='bbox 271 3667 317 3720; x_wconf 83' lang='lat' dir='ltr'>oe,</span> <span class='ocrx_word' id='word_1_288' title='bbox 350 3649 404 3710; x_wconf 88' lang='lat' dir='ltr'>sed</span> <span class='ocrx_word' id='word_1_289' title='bbox 432 3669 510 3732; x_wconf 82' lang='lat' dir='ltr'>quoe</span> <span class='ocrx_word' id='word_1_290' title='bbox 538 3651 680 3723; x_wconf 81' lang='lat' dir='ltr'>refertur,</span> <span class='ocrx_word' id='word_1_291' title='bbox 714 3651 794 3731; x_wconf 93' lang='lat' dir='ltr'>quod</span> <span class='ocrx_word' id='word_1_292' title='bbox 818 3650 912 3712; x_wconf 89' lang='lat' dir='ltr'>etiam</span> <span class='ocrx_word' id='word_1_293' title='bbox 935 3650 966 3712; x_wconf 92' lang='lat' dir='ltr'>in</span> <span class='ocrx_word' id='word_1_294' title='bbox 991 3650 1016 3714; x_wconf 80' lang='lat' dir='ltr'>(l</span> <span class='ocrx_word' id='word_1_295' title='bbox 1039 3651 1135 3714; x_wconf 86' lang='lat' dir='ltr'>fnisse</span> <span class='ocrx_word' id='word_1_296' title='bbox 1157 3650 1307 3730; x_wconf 87' lang='lat' dir='ltr'>suspicor,</span> <span class='ocrx_word' id='word_1_297' title='bbox 1330 3649 1436 3732; x_wconf 90' lang='lat' dir='ltr'>ntique</span> 
     </span>
     <span class='ocr_line' id='line_1_31' title="bbox 181 3747 1437 3832; baseline 0.002 -22"><span class='ocrx_word' id='word_1_298' title='bbox 181 3747 213 3810; x_wconf 91' lang='lat' dir='ltr'>in</span> <span class='ocrx_word' id='word_1_299' title='bbox 246 3747 284 3810; x_wconf 88' lang='lat' dir='ltr'>iis</span> <span class='ocrx_word' id='word_1_300' title='bbox 318 3748 397 3822; x_wconf 76' lang='lat' dir='ltr'>cdd,</span> <span class='ocrx_word' id='word_1_301' title='bbox 431 3750 542 3830; x_wconf 91' lang='lat' dir='ltr'>quibus</span> <span class='ocrx_word' id='word_1_302' title='bbox 571 3749 681 3814; x_wconf 87' lang='lat' dir='ltr'>nititur</span> <span class='ocrx_word' id='word_1_303' title='bbox 704 3752 795 3832; x_wconf 91' lang='lat' dir='ltr'>longa</span> <span class='ocrx_word' id='word_1_304' title='bbox 817 3751 911 3814; x_wconf 88' lang='lat' dir='ltr'>series</span> <span class='ocrx_word' id='word_1_305' title='bbox 935 3751 1114 3814; x_wconf 90' lang='lat' dir='ltr'>editionum.</span> <span class='ocrx_word' id='word_1_306' title='bbox 1158 3750 1264 3814; x_wconf 82' lang='lat' dir='ltr'>Etiam</span> <span class='ocrx_word' id='word_1_307' title='bbox 1287 3750 1314 3814; x_wconf 89' lang='lat' dir='ltr'>si</span> <span class='ocrx_word' id='word_1_308' title='bbox 1337 3750 1437 3814; x_wconf 84' lang='lat' dir='ltr'>mixta</span> 
     </span>
     <span class='ocr_line' id='line_1_32' title="bbox 182 3848 1436 3933; baseline 0.002 -21"><span class='ocrx_word' id='word_1_309' title='bbox 182 3848 284 3912; x_wconf 88' lang='lat' dir='ltr'>Gallis</span> <span class='ocrx_word' id='word_1_310' title='bbox 307 3849 402 3912; x_wconf 88' lang='lat' dir='ltr'>fuerit</span> <span class='ocrx_word' id='word_1_311' title='bbox 424 3850 628 3914; x_wconf 85' lang='lat' dir='ltr'>Taurinorum</span> <span class='ocrx_word' id='word_1_312' title='bbox 652 3872 737 3933; x_wconf 87' lang='lat' dir='ltr'>gens,</span> <span class='ocrx_word' id='word_1_313' title='bbox 760 3853 791 3914; x_wconf 95' lang='lat' dir='ltr'>id</span> <span class='ocrx_word' id='word_1_314' title='bbox 813 3852 936 3914; x_wconf 86' lang='lat' dir='ltr'>Livium</span> <span class='ocrx_word' id='word_1_315' title='bbox 956 3853 1064 3916; x_wconf 83' lang='lat' dir='ltr'>stetim</span> <span class='ocrx_word' id='word_1_316' title='bbox 1086 3853 1224 3916; x_wconf 84' lang='lat' dir='ltr'>indicare</span> <span class='ocrx_word' id='word_1_317' title='bbox 1253 3851 1328 3914; x_wconf 92' lang='lat' dir='ltr'>nibil</span> <span class='ocrx_word' id='word_1_318' title='bbox 1358 3851 1436 3915; x_wconf 89' lang='lat' dir='ltr'>atti·</span> 
     </span>
     <span class='ocr_line' id='line_1_33' title="bbox 181 3950 1436 4033; baseline 0.003 -21"><span class='ocrx_word' id='word_1_319' title='bbox 181 3950 285 4012; x_wconf 84' lang='lat' dir='ltr'>nebat.</span> <span class='ocrx_word' id='word_1_320' title='bbox 329 3951 435 4030; x_wconf 90' lang='lat' dir='ltr'>Negat</span> <span class='ocrx_word' id='word_1_321' title='bbox 465 3951 591 4033; x_wconf 80' lang='lat' dir='ltr'>Lipsius</span> <span class='ocrx_word' id='word_1_322' title='bbox 624 3954 777 4016; x_wconf 87' lang='lat' dir='ltr'>Taurinos</span> <span class='ocrx_word' id='word_1_323' title='bbox 810 3953 920 4017; x_wconf 87' lang='lat' dir='ltr'>Gallos</span> <span class='ocrx_word' id='word_1_324' title='bbox 954 3954 1049 4016; x_wconf 86' lang='lat' dir='ltr'>fuisse</span> <span class='ocrx_word' id='word_1_325' title='bbox 1078 3973 1205 4016; x_wconf 90' lang='lat' dir='ltr'>monens</span> <span class='ocrx_word' id='word_1_326' title='bbox 1233 3973 1254 4016; x_wconf 91' lang='lat' dir='ltr'>a</span> <span class='ocrx_word' id='word_1_327' title='bbox 1281 3953 1436 4018; x_wconf 81' lang='lat' dir='ltr'>Strabone</span> 
     </span>
     <span class='ocr_line' id='line_1_34' title="bbox 183 4049 1434 4137; baseline 0.001 -23"><span class='ocrx_word' id='word_1_328' title='bbox 183 4049 376 4128; x_wconf 76' lang='grc' dir='ltr'><strong><em>Λογοοοινὸν</em></strong></span> <span class='ocrx_word' id='word_1_329' title='bbox 397 4049 498 4126; x_wconf 70' lang='grc' dir='ltr'><strong><em>ἔθνος</em></strong></span> <span class='ocrx_word' id='word_1_330' title='bbox 530 4055 693 4135; x_wconf 86' lang='lat' dir='ltr'>appellari,</span> <span class='ocrx_word' id='word_1_331' title='bbox 724 4055 890 4135; x_wconf 87' lang='lat' dir='ltr'>»Ligurum</span> <span class='ocrx_word' id='word_1_332' title='bbox 914 4056 1082 4128; x_wconf 89' lang='lat' dir='ltr'>nationem,</span> <span class='ocrx_word' id='word_1_333' title='bbox 1115 4056 1196 4137; x_wconf 90' lang='lat' dir='ltr'>qnod</span> <span class='ocrx_word' id='word_1_334' title='bbox 1225 4055 1265 4118; x_wconf 87' lang='lat' dir='ltr'>ad</span> <span class='ocrx_word' id='word_1_335' title='bbox 1288 4053 1434 4134; x_wconf 86' lang='lat' dir='ltr'>originem</span> 
     </span>
     <span class='ocr_line' id='line_1_35' title="bbox 182 4153 1435 4235; baseline 0.001 -21"><span class='ocrx_word' id='word_1_336' title='bbox 182 4154 315 4216; x_wconf 80' lang='lat' dir='ltr'>fortasse</span> <span class='ocrx_word' id='word_1_337' title='bbox 349 4154 452 4218; x_wconf 85' lang='lat' dir='ltr'>verius</span> <span class='ocrx_word' id='word_1_338' title='bbox 485 4155 612 4235; x_wconf 79' lang='lat' dir='ltr'>referas,</span> <span class='ocrx_word' id='word_1_339' title='bbox 647 4164 679 4218; x_wconf 91' lang='lat' dir='ltr'>et</span> <span class='ocrx_word' id='word_1_340' title='bbox 711 4157 773 4218; x_wconf 86' lang='lat' dir='ltr'>situ</span> <span class='ocrx_word' id='word_1_341' title='bbox 802 4164 908 4218; x_wconf 88' lang='lat' dir='ltr'>tamen</span> <span class='ocrx_word' id='word_1_342' title='bbox 938 4156 1023 4219; x_wconf 85' lang='lat' dir='ltr'>Galli</span> <span class='ocrx_word' id='word_1_343' title='bbox 1051 4163 1169 4220; x_wconf 87' lang='lat' dir='ltr'>erant.»</span> <span class='ocrx_word' id='word_1_344' title='bbox 1213 4153 1275 4226; x_wconf 81' lang='lat' dir='ltr'>Qui</span> <span class='ocrx_word' id='word_1_345' title='bbox 1298 4153 1435 4218; x_wconf 84' lang='lat' dir='ltr'>Galliam</span> 
     </span>
     <span class='ocr_line' id='line_1_36' title="bbox 180 4255 1436 4338; baseline 0.002 -24"><span class='ocrx_word' id='word_1_346' title='bbox 180 4257 426 4335; x_wconf 85' lang='lat' dir='ltr'>transpadanam</span> <span class='ocrx_word' id='word_1_347' title='bbox 460 4257 648 4329; x_wconf 87' lang='lat' dir='ltr'>incolebant,</span> <span class='ocrx_word' id='word_1_348' title='bbox 682 4257 900 4338; x_wconf 88' lang='lat' dir='ltr'>cuiuscumque</span> <span class='ocrx_word' id='word_1_349' title='bbox 929 4257 1030 4337; x_wconf 87' lang='lat' dir='ltr'>gentis</span> <span class='ocrx_word' id='word_1_350' title='bbox 1053 4266 1153 4331; x_wconf 88' lang='lat' dir='ltr'>erant,</span> <span class='ocrx_word' id='word_1_351' title='bbox 1176 4256 1262 4321; x_wconf 86' lang='lat' dir='ltr'>Galli</span> <span class='ocrx_word' id='word_1_352' title='bbox 1285 4255 1436 4337; x_wconf 90' lang='lat' dir='ltr'>quodam-</span> 
     </span>
     <span class='ocr_line' id='line_1_37' title="bbox 181 4356 1437 4440; baseline 0.002 -24"><span class='ocrx_word' id='word_1_353' title='bbox 181 4357 271 4418; x_wconf 88' lang='lat' dir='ltr'>modo</span> <span class='ocrx_word' id='word_1_354' title='bbox 293 4356 397 4418; x_wconf 88' lang='lat' dir='ltr'>vocari</span> <span class='ocrx_word' id='word_1_355' title='bbox 420 4367 575 4438; x_wconf 88' lang='lat' dir='ltr'>poterant,</span> <span class='ocrx_word' id='word_1_356' title='bbox 598 4379 657 4420; x_wconf 94' lang='lat' dir='ltr'>non</span> <span class='ocrx_word' id='word_1_357' title='bbox 681 4357 852 4439; x_wconf 84' lang='lat' dir='ltr'>Semigalli.</span> <span class='ocrx_word' id='word_1_358' title='bbox 896 4357 945 4421; x_wconf 91' lang='lat' dir='ltr'>Ob</span> <span class='ocrx_word' id='word_1_359' title='bbox 968 4358 1115 4440; x_wconf 91' lang='lat' dir='ltr'>originem</span> <span class='ocrx_word' id='word_1_360' title='bbox 1139 4377 1218 4440; x_wconf 89' lang='lat' dir='ltr'>qnae</span> <span class='ocrx_word' id='word_1_361' title='bbox 1246 4357 1328 4419; x_wconf 89' lang='lat' dir='ltr'>circa</span> <span class='ocrx_word' id='word_1_362' title='bbox 1354 4356 1437 4418; x_wconf 91' lang='lat' dir='ltr'>Poe-</span> 
     </span>
     <span class='ocr_line' id='line_1_38' title="bbox 181 4455 1435 4540; baseline 0.002 -24"><span class='ocrx_word' id='word_1_363' title='bbox 181 4455 286 4518; x_wconf 92' lang='lat' dir='ltr'>ninum</span> <span class='ocrx_word' id='word_1_364' title='bbox 320 4467 411 4520; x_wconf 86' lang='lat' dir='ltr'>erant</span> <span class='ocrx_word' id='word_1_365' title='bbox 444 4468 552 4540; x_wconf 87' lang='lat' dir='ltr'>gentes</span> <span class='ocrx_word' id='word_1_366' title='bbox 580 4460 673 4539; x_wconf 89' lang='lat' dir='ltr'>paulo</span> <span class='ocrx_word' id='word_1_367' title='bbox 701 4467 773 4539; x_wconf 84' lang='lat' dir='ltr'>post</span> <span class='ocrx_word' id='word_1_368' title='bbox 799 4458 1015 4540; x_wconf 88' lang='lat' dir='ltr'>semigermani</span> <span class='ocrx_word' id='word_1_369' title='bbox 1039 4479 1059 4521; x_wconf 92' lang='lat' dir='ltr'>a</span> <span class='ocrx_word' id='word_1_370' title='bbox 1080 4460 1169 4521; x_wconf 85' lang='lat' dir='ltr'>Livio</span> <span class='ocrx_word' id='word_1_371' title='bbox 1192 4465 1352 4530; x_wconf 86' lang='lat' dir='ltr'>vocantur,</span> <span class='ocrx_word' id='word_1_372' title='bbox 1376 4477 1435 4520; x_wconf 90' lang='lat' dir='ltr'>non</span> 
     </span>
     <span class='ocr_line' id='line_1_39' title="bbox 181 4555 1433 4641; baseline 0.002 -23"><span class='ocrx_word' id='word_1_373' title='bbox 181 4558 342 4620; x_wconf 87' lang='lat' dir='ltr'>obsedes.</span> <span class='ocrx_word' id='word_1_374' title='bbox 386 4561 496 4641; x_wconf 89' lang='lat' dir='ltr'>Neque</span> <span class='ocrx_word' id='word_1_375' title='bbox 519 4579 586 4622; x_wconf 90' lang='lat' dir='ltr'>cnm</span> <span class='ocrx_word' id='word_1_376' title='bbox 610 4559 737 4641; x_wconf 89' lang='lat' dir='ltr'>reliquis</span> <span class='ocrx_word' id='word_1_377' title='bbox 760 4561 862 4624; x_wconf 87' lang='lat' dir='ltr'>Gallis</span> <span class='ocrx_word' id='word_1_378' title='bbox 885 4561 1107 4641; x_wconf 84' lang='lat' dir='ltr'>transpadanis</span> <span class='ocrx_word' id='word_1_379' title='bbox 1141 4557 1191 4638; x_wconf 74' lang='lat' dir='ltr'>(cd</span> <span class='ocrx_word' id='word_1_380' title='bbox 1214 4555 1330 4624; x_wconf 76' lang='grc' dir='ltr'><strong><em>λοιπὸν</em></strong></span> <span class='ocrx_word' id='word_1_381' title='bbox 1351 4556 1433 4640; x_wconf 68' lang='grc' dir='ltr'>πλῇ-</span> 
     </span>
     <span class='ocr_line' id='line_1_40' title="bbox 182 4657 1435 4743; baseline 0 -23"><span class='ocrx_word' id='word_1_382' title='bbox 182 4661 246 4731; x_wconf 75' lang='grc' dir='ltr'>θος</span> <span class='ocrx_word' id='word_1_383' title='bbox 266 4662 331 4722; x_wconf 72' lang='grc' dir='ltr'><strong><em>τοῖν</em></strong></span> <span class='ocrx_word' id='word_1_384' title='bbox 352 4657 391 4720; x_wconf 80' lang='lat' dir='ltr'>col</span> <span class='ocrx_word' id='word_1_385' title='bbox 414 4660 511 4724; x_wconf 72' lang='lat' dir='ltr'>medlo</span> <span class='ocrx_word' id='word_1_386' title='bbox 533 4661 765 4724; x_wconf 78' lang='grc' dir='ltr'>κατοικούντων</span> <span class='ocrx_word' id='word_1_387' title='bbox 788 4660 932 4743; x_wconf 77' lang='grc' dir='ltr'>Κελτῶν)</span> <span class='ocrx_word' id='word_1_388' title='bbox 955 4661 1115 4725; x_wconf 84' lang='lat' dir='ltr'>iaciebant</span> <span class='ocrx_word' id='word_1_389' title='bbox 1144 4663 1272 4726; x_wconf 88' lang='lat' dir='ltr'>Taurini</span> <span class='ocrx_word' id='word_1_390' title='bbox 1300 4659 1435 4722; x_wconf 77' lang='grc' dir='ltr'><strong><em>στασιά-</em></strong></span> 
     </span>
    </p>
   </div>
   <div class='ocr_carea' id='block_1_3' title="bbox 176 4757 1436 4937">
    <p class='ocr_par' dir='ltr' id='par_1_5' title="bbox 176 4757 1436 4937">
     <span class='ocr_line' id='line_1_41' title="bbox 181 4757 1436 4848; baseline -0.001 -24"><span class='ocrx_word' id='word_1_391' title='bbox 181 4757 286 4834; x_wconf 82' lang='grc' dir='ltr'><strong><em>ζοντες</em></strong></span> <span class='ocrx_word' id='word_1_392' title='bbox 316 4764 376 4841; x_wconf 77' lang='grc' dir='ltr'>μὲν</span> <span class='ocrx_word' id='word_1_393' title='bbox 410 4760 490 4846; x_wconf 78' lang='grc' dir='ltr'><strong><em>πρὸς</em></strong></span> <span class='ocrx_word' id='word_1_394' title='bbox 522 4760 784 4848; x_wconf 57' lang='lat' dir='ltr'>redemptiones,</span> <span class='ocrx_word' id='word_1_395' title='bbox 819 4759 1025 4834; x_wconf 68' lang='lat' dir='ltr'>cimmerium</span> <span class='ocrx_word' id='word_1_396' title='bbox 1046 4761 1082 4826; x_wconf 72' lang='lat' dir='ltr'>dd</span> <span class='ocrx_word' id='word_1_397' title='bbox 1103 4772 1168 4836; x_wconf 76' lang='grc' dir='ltr'><strong><em>τοῖς</em></strong></span> <span class='ocrx_word' id='word_1_398' title='bbox 1190 4760 1436 4846; x_wconf 60' lang='grc' dir='ltr'><strong><em>Καρχηδονίοις.</em></strong></span> 
     </span>
     <span class='ocr_line' id='line_1_42' title="bbox 176 4863 1054 4937; baseline 0.001 -11"><span class='ocrx_word' id='word_1_399' title='bbox 176 4864 243 4927; x_wconf 91' lang='lat' dir='ltr'>Pol.</span> <span class='ocrx_word' id='word_1_400' title='bbox 268 4865 298 4937; x_wconf 80' lang='lat'>3,</span> <span class='ocrx_word' id='word_1_401' title='bbox 320 4863 371 4928; x_wconf 88' lang='grc'>60.</span> <span class='ocrx_word' id='word_1_402' title='bbox 415 4866 562 4929; x_wconf 85' lang='lat' dir='ltr'>Insubres</span> <span class='ocrx_word' id='word_1_403' title='bbox 585 4875 692 4931; x_wconf 90' lang='lat' dir='ltr'>autem</span> <span class='ocrx_word' id='word_1_404' title='bbox 714 4887 786 4930; x_wconf 88' lang='lat' dir='ltr'>vere</span> <span class='ocrx_word' id='word_1_405' title='bbox 809 4865 896 4931; x_wconf 85' lang='lat' dir='ltr'>Galli</span> <span class='ocrx_word' id='word_1_406' title='bbox 919 4865 1054 4929; x_wconf 85' lang='lat' dir='ltr'>luerunt.</span> 
     </span>
    </p>
   </div>
   <div class='ocr_carea' id='block_1_4' title="bbox 0 0 1792 5632">
    <p class='ocr_par' dir='ltr' id='par_1_6' title="bbox 0 0 1792 5632">
     <span class='ocr_line' id='line_1_43' title="bbox 0 0 1792 5632; baseline 0 1"><span class='ocrx_word' id='word_1_407' title='bbox 0 0 1792 5632; x_wconf 95' lang='lat' dir='ltr'> </span> 
     </span>
    </p>
   </div>
  </div>
 </body>
</html>
