3574 5632
384 593 583 665 Epilagomoua
605 593 641 648 ad
663 593 695 649 T.
720 593 790 673 Liuii
813 593 916 649 librum
939 591 1099 650 vicesimum
1121 595 1253 666 primum.
1409 596 1445 652 51

274 765 324 841 58,
349 768 363 829 1
389 765 475 851 loupi
497 766 571 830 iude
593 765 743 852 temporis
767 764 863 830 Gran.
886 765 1064 848 suspicatus
1087 776 1145 832 ast.
1169 766 1271 851 loupr‘r
1284 766 1357 830 inde
1371 777 1449 832 tem-

183 867 321 953 poribus
342 869 397 932 Pc
421 870 448 930 1.
471 869 501 930 3.
525 868 599 932 Ald.
622 869 705 949 Mog.
728 869 821 931 Frob.
845 866 937 963 Grut.
961 870 1060 950 »quod
1082 868 1247 932 durissime
1270 869 1386 933 dictum
1417 876 1450 932 at

188 969 243 1032 vix
265 968 431 1034 Liuianum
455 969 605 1044 videtum,
628 968 774 1050 Doering.

274 1087 326 1163 58,
358 1086 378 1151 9
411 1084 551 1150 attollere
584 1088 611 1149 1.
641 1088 670 1149 3.
699 1088 781 1168 Mog.
805 1087 879 1151 Ald.
902 1089 994 1151 Frob.
1018 1086 1110 1152 Gmt.
1133 1085 1230 1151 Grou.
1252 1087 1350 1150 Drak.
1372 1087 1448 1152 Bkr.

189 1188 307 1250 Tauch.
336 1190 412 1270 Mvg
440 1189 487 1250 ed.
515 1191 543 1250 3.
567 1187 694 1252 atollere
716 1187 750 1250 Ο.
774 1186 917 1252 retollere
939 1190 965 1252 P
988 1189 1056 1252 Als.
1079 1189 1168 1252 st.
1193 1188 1268 1252 Wd.
1291 1189 1375 1270 Mvg.
1399 1189 1447 1252 ad.

193 1290 221 1350 1.
255 1288 410 1352 Attollere
439 1290 477 1351 de
505 1290 691 1371 adsurgendi
715 1295 839 1364 conatu,
874 1290 960 1352 velut
982 1292 1062 1372 quod
1086 1297 1134 1352 est
1155 1290 1186 1365 4,
1211 1288 1448 1364 1111111-

189 1398 313 1472 gentem
348 1390 480 1453 nmbone
513 1391 675 1472 resupinat
701 1389 931 1472 repetitumque
959 1392 1084 1472 saepius
1114 1390 1247 1472 cuspide·
1268 1391 1308 1453 ad
1331 1398 1445 1454 terram

189 1491 313 1566 adfixit,
335 1491 416 1554 idem
439 1491 470 1566 8,
493 1486 523 1566 7,
548 1492 583 1553 11
610 1491 806 1554 attollentem
840 1511 873 1554 se
909 1492 948 1554 ab
982 1493 1069 1574 gravi
1098 1511 1172 1554 casn
1201 1499 1304 1554 tarrae
1326 1491 1446 1555 adfixit.

192 1592 320 1667 Contra,
343 1592 423 1674 quod
447 1600 496 1655 est
518 1594 569 1666 22,
591 1591 643 1666 59,
668 1591 707 1654 10
729 1612 786 1654 neo
807 1595 974 1673 premendo
998 1593 1092 1655 alium
1116 1613 1165 1656 me
1177 1593 1327 1656 extulisse
1343 1591 1447 1666 velim,

190 1692 272 1756 idem
296 1695 346 1777 22,
372 1694 421 1769 12,
446 1693 485 1754 12
507 1693 674 1775 premendo
696 1693 885 1774 superiorem
908 1714 977 1757 sesa
1000 1694 1181 1757 extollebat.

274 1810 325 1886 59,
347 1811 368 1874 4
390 1821 566 1895 respectare
588 1811 781 1886 Fleckeisen,
802 1812 887 1894 Mvg,
910 1811 984 1874 Wfl.
1008 1821 1147 1896 spectare
1169 1813 1238 1874 cdd.
1262 1813 1330 1874 edd.
1354 1810 1446 1873 st.

189 1913 238 1976 ed.
270 1914 297 1974 l.
351 1913 420 1975 Non
454 1914 658 1993 spectabatur
695 1912 816 1994 signnm
855 1913 989 1976 nondum
1024 1912 1225 1994 propositum.
1278 1911 1445 1974 'lubicinus

190 2022 292 2076 autem
317 2014 407 2096 sigua
429 2014 593 2077 canebant.

274 2131 324 2206 59,
352 2126 371 2193 'l
397 2133 500 2214 mopis
527 2129 594 2193 ullu
624 2132 677 2194 Pc
707 2133 734 2192 l.
757 2133 786 2192 2.
810 2131 878 2193 Als.
902 2132 992 2194 st.
1016 2133 1074 2193 ΗΖ.
1097 2129 1163 2193 ulla
1186 2131 1338 2214 1119113.
1361 2131 1444 2212 Mog.

189 2232 262 2294 Ald.
286 2233 379 2295 Frob.
402 2232 498 2294 Gron.
521 2233 619 2294 Drak.
642 2232 744 2314 moyes
767 2231 865 2293 dubia
887 2241 1013 2294 auctore
1036 2232 1193 2296 Gronovio
1215 2232 1444 2312 Bkr.(nempe:

190 2333 288 2415 magis
311 2335 406 2396 dubia
428 2342 460 2396 et
482 2354 549 2395 cnm
574 2333 734 2414 utriusque
758 2340 842 2413 111).
864 2333 967 2416 mapis
988 2331 1055 2395 ullo
1076 2332 1239 2395 »vitiosum
1262 2333 1377 2395 habere
1395 2331 1442 2394 vi·

189 2436 281 2497 detur
303 2436 464 2496 verborum
489 2435 625 2497 ordinem
655 2435 725 2514 (pro
749 2432 816 2496 ulla
837 2434 983 2517 muplo)»,
1010 2434 1147 2515 Madvig.
1192 2433 1239 2497 At
1262 2435 1445 2496 admovetur

189 2536 335 2598 adverbio
369 2544 442 2598 ante
473 2535 574 2616 posito
598 2536 681 2597 vocis
703 2555 807 2609 sonus,
829 2535 946 2598 recedit
968 2533 1044 2610 ulla,
1074 2535 1332 2618 quemadmodum
1361 2533 1392 2609 8,
1414 2533 1445 2608 6,

191 2636 230 2697 14
252 2637 294 2698 »si
318 2637 441 2717 quando
465 2656 610 2718 umquam
633 2656 740 2698 severo
764 2637 860 2697 ullum
883 2635 1012 2716 imperio
1045 2636 1160 2698 bellum
1190 2635 1442 2698 administratum

188 2745 287 2799 esset»
319 2757 452 2799 severo
476 2746 560 2800 certo
578 2757 652 2800 sono
676 2737 867 2810 enuntiatur,
891 2736 1008 2798 ullum
1032 2757 1091 2799 non
1115 2736 1201 2799 item.
1246 2737 1294 2800 cf.
1317 2738 1368 2811 25,
1391 2737 1442 2811 21,

190 2838 204 2898 l
231 2859 286 2900 neo
308 2859 357 2900 res
380 2839 478 2919 magis
501 2839 566 2900 ulla
587 2839 689 2900 tenuit
711 2857 804 2919 quam
827 2857 898 2917 spes
922 2845 980 2899 cet.

271 2957 318 3018 lb.
348 2977 440 3018 nuova
475 2967 529 3018 our
561 2957 724 3040 utriusque
745 2956 804 3029 Hz,
827 2956 918 3017 st.
942 2956 989 3017 cd.
1012 2955 1041 3018 6.
1064 2949 1121 3048 'ael
1145 2968 1200 3020 aut
1222 2956 1384 3040 utriusque
1406 2954 1442 3016 P.

187 3079 223 3118 ea
245 3059 482 3141 autumnoque
504 3058 539 3120 0.
563 3079 608 3132 eu,
631 3067 659 3119 et
681 3079 751 3119 oum
773 3057 936 3140 utriusque
960 3057 987 3118 1.
1010 3059 1039 3119 2.
1062 3079 1165 3133 aarum
1187 3069 1215 3122 et
1237 3080 1307 3121 canu
1322 3055 1442 3118 attuar-

187 3180 244 3242 que
267 3167 392 3220 auctore
415 3159 562 3220 1111113.
586 3158 659 3220 Ald.
683 3159 766 3238 Mog.
788 3158 881 3220 Frob.
904 3157 1002 3219 Drak.
1021 3160 1160 3223 Tauchn.
1184 3181 1220 3222 ec
1241 3170 1269 3222 et
1280 3159 1442 3240 utriusque

187 3259 256 3322 Ars.
279 3281 372 3322 sceva
393 3270 421 3321 et
442 3261 606 3343 utriusque
627 3260 717 3321 st.
742 3260 789 3320 ed.
815 3259 841 3319 1.
866 3279 966 3342 coquo
988 3270 1016 3322 et
1037 3261 1200 3345 utriusque
1221 3262 1295 3323 Wd.
1318 3259 1335 3294 ⁸*
1353 3255 1369 3294 *
1387 3266 1442 3319 cut

185 3362 347 3445 utriusque
369 3361 452 3442 Mvg.
495 3361 648 3423 »Videtur
670 3359 779 3422 Livius
801 3359 978 3439 scripsisse:
1006 3382 1110 3442 pugna
1132 3382 1201 3424 raro
1225 3361 1323 3442 magis
1346 3377 1441 3421 saeva

186 3459 257 3548 (aut
278 3463 305 3524 si
328 3463 407 3544 qnod
431 3462 516 3524 aliud
539 3460 726 3524 adiectivum
750 3453 892 3548 ponitur)
915 3469 1025 3523 etant
1055 3463 1228 3526 alterius
1261 3469 1329 3524 aut
1362 3459 1440 3523 utri-

186 3584 282 3645 usque
301 3564 400 3643 partis
424 3571 482 3625 cet.
515 3564 563 3625 De
586 3584 687 3636 samu,
711 3562 792 3643 quod
806 3560 934 3624 aliorum
949 3570 997 3625 est
1007 3563 1179 3639 inventum,
1202 3563 1337 3636 dubito»,
1354 3563 1439 3642 Mvg.

270 3698 318 3761 Ob
342 3718 465 3761 sensum
489 3699 652 3760 verborum
676 3696 853 3779 negativum
877 3705 942 3771 aut,
965 3698 1046 3778 qnod
1069 3708 1118 3762 ast
1139 3699 1170 3762 in
1194 3700 1274 3772 cdd,
1296 3696 1373 3781 (nou
1395 3695 1439 3780 et)

186 3800 391 3872 retinendum,
415 3803 453 3862 cf.
476 3800 527 3873 21,
552 3799 580 3872 1,
602 3802 622 3860 2
645 3819 743 3881 neque
765 3797 814 3860 his
836 3797 913 3877 ipsis
935 3805 1058 3860 tautum
1078 3821 1224 3883 umquam
1239 3799 1349 3862 virium
1373 3805 1441 3861 aut

185 3901 303 3964 roboris
326 3900 395 3962 fuit.
439 3902 475 3963 In
498 3902 525 3962 P
548 3909 680 3964 exeunte
703 3920 794 3962 versu
809 3906 916 3960 exstat
932 3899 998 3973 'Aa
1021 3902 1100 3982 quod
1116 3901 1245 3965 forsitan
1259 3900 1439 3973 tueritsAE,

185 4009 280 4083 atque
314 4003 352 4064 ad
386 4001 508 4064 initium
540 4003 698 4083 sequentis
729 4001 819 4064 facile
842 4009 916 4062 anta
938 4016 985 4064 ΑΗ
1006 4000 1126 4064 interiit
1148 4019 1203 4066 UA.
1247 4002 1316 4064 Non
1341 4000 1438 4081 magis

185 4123 252 4165 curn
287 4123 345 4164 usu
378 4103 527 4166 sermonis
561 4103 719 4166 discordat
751 4122 853 4174 saroa,
886 4103 967 4183 quod
997 4104 1135 4166 nonnulli
1170 4106 1207 4166 de
1241 4121 1346 4184 pugna
1377 4101 1438 4164 dici

185 4211 310 4284 negant.
354 4204 417 4267 Sed
441 4203 627 4267 conveniunt
647 4205 730 4267 inter
752 4223 785 4266 se
808 4202 897 4274 αἰνός
919 4223 957 4266 ex
981 4202 1019 4264 al
1036 4205 1199 4269 oriundum
1223 4211 1255 4266 at
1276 4222 1438 4265 sumansu

184 4326 239 4366 oue
261 4304 420 4388 (Doederl.
444 4305 519 4387 Syn.
543 4306 568 4366 I.
591 4325 621 4384 p.
643 4299 699 4386 37)
722 4313 758 4367 ut
779 4304 971 4367 derivatione
993 4304 1038 4367 sic
1061 4326 1127 4368 usu.
1172 4306 1232 4368 Est
1257 4306 1340 4385 apud
1370 4305 1438 4366 Ho-

185 4425 313 4479 merum,
346 4406 548 4492 utexempla
568 4407 712 4480 alteram,
745 4403 893 4489 φύλοπις,
915 4403 979 4488 ἔρις
1001 4405 1075 4488 αἰνή
1096 4407 1149 4487 (ΙΙ.
1171 4405 1202 4481 6,
1226 4407 1253 4468 1.
1278 4404 1328 4479 14,
1349 4402 1436 4483 389).
1557 4407 1559 4416 “

185 4507 233 4570 cf.
256 4507 355 4569 Lucil.
378 4527 428 4588 ap.
451 4507 531 4570 Non.
553 4507 584 4580 4,
606 4507 667 4570 413
689 4528 816 4571 saevum
847 4517 879 4571 et
906 4508 1015 4572 durum
1043 4509 1169 4582 bellum,
1202 4506 1279 4570 Sall.
1303 4506 1374 4569 (111.
1396 4505 1434 4568 51

184 4607 257 4670 belli
280 4608 423 4683 saevitia,
445 4608 533 4691 Virg.
556 4608 636 4672 Aen.
661 4608 912 4683 1289011111
934 4629 1031 4685 arma,
1053 4609 1122 4671 Liv.
1145 4607 1196 4684 39,
1218 4605 1436 4682 4341111111

184 4729 310 4771 saevum
340 4717 434 4791 atque
462 4716 553 4773 atrox
581 4711 615 4782 (a
644 4729 703 4792 quo
729 4731 788 4774 nou
813 4712 944 4775 multum
967 4711 1076 4775 diflert
1097 4729 1202 4792 pugna
1224 4727 1319 4771 saeva
1340 4715 1435 4788 atqua

183 4811 300 4895 atrox).
344 4811 404 4873 Hic
432 4818 480 4874 ost
507 4831 616 4874 seusus
644 4811 719 4874 dicti
749 4812 848 4876 illius:
882 4832 951 4876 raro
974 4811 1127 4876 crudelius
1149 4817 1206 4873 aut
1228 4828 1297 4873 cum
1320 4807 1435 4872 maiora
