3574 5632
169 1492 472 1652 Epilegonona
505 1491 559 1607 ad
592 1487 639 1606 T.
663 1487 769 1606 Livii
797 1487 943 1608 librum
972 1492 1209 1606 vicesimum
1238 1492 1425 1646 prinum.

739 1723 856 1787 Scripsit

611 1889 791 1958 andreas
827 1888 984 1975 Frlcsll.

175 2185 306 2310 Quam
330 2237 368 2298 ob
392 2253 516 2298 causam
541 2234 580 2296 ad
604 2233 697 2296 libros
721 2235 869 2315 quosdam
894 2235 930 2296 T.
953 2235 1044 2308 Livii,
1068 2255 1143 2316 quos
1166 2235 1214 2298 his
1237 2237 1356 2299 duobus
1371 2257 1429 2299 an-

174 2339 224 2400 nis
246 2336 440 2417 potissimum
463 2335 494 2397 in
519 2355 607 2397 usum
630 2335 804 2398 scholarum
822 2337 904 2396 foras
921 2335 1002 2410 dedi,
1017 2337 1186 2416 separatim
1201 2336 1430 2418 disputationes

176 2439 300 2501 criticas
335 2437 525 2500 adiiciendas
558 2443 717 2516 putarem,
752 2436 783 2497 in
816 2435 1046 2516 Epilegomenis
1079 2439 1119 2499 ad
1153 2437 1263 2500 librum
1297 2439 1429 2518 primum

177 2540 311 2621 quinque
336 2538 448 2601 abhinc
472 2557 592 2600 menses
615 2537 646 2598 in
670 2537 717 2597 his
740 2537 917 2598 Annalibus
940 2537 1107 2617 publicatis
1129 2539 1273 2601 indicavi.
1312 2540 1428 2601 Morem

177 2648 303 2704 secutus
326 2639 474 2704 Gronovii
498 2639 687 2719 aliorumque
711 2657 730 2698 a
752 2637 946 2712 lectionibus,
981 2658 1059 2720 quae
1087 2639 1177 2702 hodie
1200 2640 1292 2720 vulgo
1316 2641 1430 2722 proba-

176 2749 293 2814 rentur,
327 2741 449 2804 etiamsi
483 2758 712 2820 nonnumquam
742 2738 819 2801 satis
848 2737 960 2801 dubiae
984 2747 1097 2813 essent,
1121 2741 1178 2802 nisi
1202 2743 1281 2803 forte
1306 2761 1429 2803 necesse

179 2863 246 2905 essa
279 2843 446 2914 videretur,
479 2861 538 2903 non
573 2840 679 2902 statim
704 2840 846 2902 recedere
869 2841 1129 2902 consultissimum
1154 2862 1221 2904 esse
1244 2843 1429 2905 arbitrabar.

177 2945 271 3006 Iuvat
293 2943 387 3023 igitur
409 2943 439 3004 in
463 2942 522 3003 hac
544 2949 634 3022 parte
657 2941 758 3021 operis
781 2941 869 3022 quasi
892 2941 1017 3003 liberius
1040 2943 1212 3023 respirandi
1239 2943 1429 3006 occasionem

178 3043 334 3106 invenisse
356 3043 460 3124 reique
483 3041 575 3122 paulo
599 3042 723 3104 uberius
745 3043 939 3104 tractandae.
984 3043 1059 3105 Alia
1078 3050 1183 3106 tamen
1197 3044 1229 3106 in
1242 3045 1301 3106 hac
1316 3045 1432 3106 decade

180 3145 260 3207 ratio
284 3153 331 3206 est
354 3163 501 3207 censurae
525 3144 663 3223 agendae
687 3161 777 3224 qnam
802 3143 832 3204 in
856 3142 966 3222 prima,
995 3144 1047 3206 ubi
1071 3146 1108 3207 de
1132 3145 1268 3208 oodiourn
1292 3145 1432 3206 diverso-

181 3266 246 3308 rum
271 3245 385 3308 maiore
407 3245 457 3307 vel
480 3244 596 3306 minore
618 3243 815 3325 praestantia
837 3251 911 3305 ante
934 3245 1037 3306 omnia
1060 3245 1270 3307 disserendum
1296 3253 1372 3307 erat.
1395 3247 1431 3307 In

182 3347 277 3410 tertia
310 3355 413 3408 autem
444 3365 532 3408 nemo
555 3352 650 3426 negat
673 3345 783 3407 ceteris
806 3345 894 3424 longe
917 3353 1078 3424 praestare
1100 3347 1305 3421 Puteanennr‚
1328 3346 1379 3427 qni
1402 3347 1433 3408 in

183 3447 295 3510 celebri
328 3445 518 3509 bibliotheca
544 3445 713 3508 Parisiensi
741 3464 901 3507 numerum
926 3445 1046 3508 obtinet
1068 3440 1160 3508 5730.
1204 3447 1339 3509 Amissis
1361 3467 1433 3509 vero

182 3549 273 3611 huius
296 3549 377 3611 foliis
400 3547 554 3609 nonnullis
576 3548 689 3609 desunt
712 3547 771 3608 hae
794 3554 900 3626 partes
923 3546 992 3608 libri
1016 3547 1152 3609 vicesimi
1175 3547 1281 3627 primi:
1306 3549 1333 3623 1,
1358 3549 1372 3608 1
1398 3548 1433 3609 In

183 3657 271 3730 parte
305 3649 405 3729 operis
435 3649 529 3710 -ni
557 3637 688 3710 subinde
711 3667 785 3710 anro
809 3668 845 3709 ou
868 3649 918 3721 20,
943 3646 962 3708 8
988 3647 1099 3732 (prope
1122 3649 1231 3730 viginti
1258 3649 1359 3730 prima
1381 3669 1435 3710 oa-

183 3751 277 3832 pita)‚
299 3752 350 3823 21,
377 3750 413 3811 13
437 3748 619 3830 Carthagini
645 3747 799 3829 praesidio
821 3784 862 3794 —
885 3749 949 3810 fore
973 3749 1173 3811 adfirmantes
1196 3750 1226 3811 in
1250 3748 1300 3824 29,
1323 3748 1435 3833 odre-

184 3871 250 3913 rum
275 3859 343 3913 octo
367 3851 498 3934 capita),
521 3851 571 3925 30,
596 3849 630 3910 ll
657 3869 747 3929 posse
770 3850 894 3912 Poenus
919 3885 955 3893 -
980 3858 1012 3911 et
1034 3870 1093 3912 non
1116 3870 1171 3931 pro
1198 3851 1249 3924 41,
1275 3851 1312 3912 13
1342 3853 1435 3932 (quae

184 3960 233 4014 est
255 3952 365 4014 ultima
387 3952 500 4014 lacuna
527 3950 668 4012 undecim
692 3953 756 4012 sere
779 3950 943 4030 capitum).
988 3951 1040 4012 Ad
1062 3951 1143 4013 hunc
1166 3951 1318 4033 dignitate
1342 3971 1437 4032 prox-

183 4053 243 4115 ime
277 4053 429 4115 accedunt
463 4050 670 4132 colbertinus,
705 4051 755 4133 qni
791 4059 839 4114 est
872 4050 903 4112 in
927 4052 1035 4113 eadem
1059 4052 1250 4115 bibliotheca
1272 4072 1320 4114 n:0
1343 4045 1436 4126 5731,

185 4162 217 4216 at
237 4153 396 4216 Mediceus
420 4153 598 4215 Florentiae
620 4153 650 4213 in
674 4151 864 4214 bibliotheca
886 4151 1100 4214 Laurentiana
1121 4153 1199 4234 plut.
1223 4153 1264 4215 63
1287 4173 1370 4216 num.
1386 4155 1436 4214 20.

184 4253 312 4317 Minoris
336 4255 483 4316 momenti
507 4253 559 4316 alii
582 4261 665 4325 sunt,
689 4273 764 4334 quos
787 4253 902 4333 passim
931 4253 1068 4334 inspexit
1095 4253 1328 4316 Drakenborch.
1372 4255 1438 4316 Pn-

184 4364 327 4418 teaneum
352 4364 452 4418 totum
476 4355 601 4435 perlegi,
626 4353 795 4416 Colbertini
820 4353 930 4415 librnrn
949 4355 1128 4416 vicesimum
1145 4355 1288 4436 primurn,
1305 4355 1437 4416 Medioei

185 4464 288 4519 antem
313 4455 487 4530 collatione,
511 4474 602 4537 quam
627 4454 713 4516 dedit
735 4454 926 4528 Alschefski,
949 4475 1023 4517 usus
1046 4475 1123 4518 sum.

268 4556 447 4619 Editionum
472 4575 585 4638 magna
611 4555 685 4617 mihi
709 4556 798 4636 copia
820 4563 944 4635 praesto
973 4556 1032 4616 fuit
1049 4556 1189 4637 inprimis
1204 4557 1234 4618 in
1250 4555 1439 4618 bibliotheca

185 4657 375 4720 Academiae
397 4658 603 4739 Upsaliensis‚
627 4657 665 4718 de
689 4657 799 4737 quibus
823 4656 861 4718 ad
885 4657 975 4718 finem
999 4657 1091 4719 huius
1114 4657 1209 4719 libelli
1232 4658 1323 4737 plura
1338 4657 1437 4718 dicam

184 4779 221 4820 ac
254 4759 345 4821 simul
375 4759 536 4840 explicabo
569 4757 761 4838 compendia,
791 4758 902 4838 quibus
931 4757 962 4819 in
992 4759 1145 4820 varietate
1169 4758 1340 4839 scripturae
1364 4778 1439 4819 eno-

183 4861 282 4922 tanda
315 4859 465 4923 editiones
497 4860 614 4940 excepi.
666 4857 795 4921 (lodices
828 4878 900 4920 vero
933 4859 1004 4920 illos
1037 4867 1101 4922 tres
1130 4859 1243 4922 litteris
1265 4858 1439 4921 initialibus

231 4970 354 5019 Frigell,
372 4971 527 5020 Epileaoraena
541 4970 570 5009 ad
587 4971 610 5009 T.
626 4971 686 5009 Livii
701 4969 780 5008 libram
794 4969 920 5007 vicesimum
931 4969 1035 5016 primam.
1378 4972 1389 5008 1
