3574 5632
378 595 578 668 Epilegomena
601 597 636 654 ad
659 596 692 653 'l'.
715 596 786 652 bivii
808 597 911 652 librum
933 597 1093 654 vicesimum
1116 596 1247 668 primum.
1404 596 1444 654 28

175 786 295 848 regern
328 767 359 830 in
394 787 494 832 meum
529 769 628 832 locum
661 767 866 844 substituant,
898 769 949 844 35,
975 769 1064 844 16,·4
1085 769 1170 834 Nihil
1200 770 1283 834 aliud
1306 769 1445 852 profecto

179 868 317 943 dicatis,
340 889 431 950 quarn
456 870 551 932 armis
573 869 729 948 superatis
752 889 807 932 vos
828 869 866 932 iis
889 871 946 934 hus
968 872 1052 954 leges
1063 871 1256 952 imposuisse,
1278 872 1445 946 23,12,10

177 971 410 1050 Respondeant
434 971 612 1046 Himilconi,
635 989 693 1032 non
717 970 834 1034 desisse
857 972 1015 1052 poenitere
1038 993 1085 1036 mc
1109 973 1192 1035 belli.
1229 971 1298 1044 Quo
1321 971 1443 1055 quidem

181 1072 259 1134 loco
282 1072 440 1134 evanescit
464 1071 578 1134 festiva
600 1071 709 1145 ironia,
742 1071 767 1132 si
792 1091 859 1136 cum
883 1073 1041 1154 Madvigio
1064 1074 1237 1138 mutatione
1259 1074 1345 1136 iacta
1366 1072 1445 1136 scri-

179 1173 276 1236 bitur
297 1171 492 1252 Respondec.
537 1171 684 1252 Pepercit
704 1171 756 1234 ille
779 1171 871 1235 simili
894 1174 960 1237 loco
982 1174 1033 1248 21,
1059 1173 1107 1248 18,
1130 1173 1150 1237 6
1170 1175 1237 1256 Ego
1253 1182 1357 1238 autem
1374 1193 1445 1248 nou,

108 1281 117 1294 '
183 1274 315 1356 privato
349 1273 511 1353 publicone
545 1272 671 1336 consilio
705 1271 877 1353 Saguntum
913 1284 1123 1355 oppugnatum
1158 1275 1211 1350 sit,
1236 1275 1444 1357 quaerendum

186 1393 344 1439 censeam.
388 1373 435 1438 At
457 1375 495 1436 de
518 1373 583 1437 loco
606 1375 659 1437 illo
681 1373 734 1447 40,
755 1374 806 1444 35,
832 1375 870 1436 13
892 1375 986 1438 Dicta
1009 1395 1101 1457 quam
1124 1395 1157 1438 re
1179 1376 1302 1440 facilius
1316 1376 1358 1439 sit
1373 1393 1445 1455 pro·

186 1475 325 1538 vinciam
348 1475 470 1554 ingenio
492 1476 635 1556 ferocem,
658 1475 883 1538 rebellatricem
908 1477 1086 1549 coniecisse,
1115 1476 1146 1538 iu
1169 1477 1299 1540 Emand.
1322 1476 1391 1538 Liv.
1414 1495 1444 1557 p.

188 1573 254 1640 575
277 1576 354 1638 haec
377 1576 513 1638 notavit:
536 1576 617 1638 »Sed
641 1596 678 1638 ne
700 1576 731 1637 in
754 1576 814 1638 hac
835 1576 957 1657 quidem
975 1586 1085 1657 aperta
1100 1577 1329 1640 asseveratione
1345 1577 1443 1640 locum

187 1679 288 1740 habet
311 1677 523 1740 coniunctivus
537 1677 762 1759 dubitandique
778 1677 972 1758 significatio,
990 1679 1247 1760 scribendumque
1264 1687 1327 1742 est:
1350 1678 1444 1742 Dictu

189 1799 282 1862 quam
307 1799 340 1840 re
362 1778 484 1841 facilius
506 1788 550 1841 est
572 1787 648 1840 cet.»
691 1778 758 1840 Nec
780 1778 970 1841 asseveratio
993 1778 1042 1841 bic
1065 1787 1113 1842 est
1129 1800 1184 1843 nec
1198 1779 1363 1854 dubitatio,
1389 1780 1443 1842 sed

193 1881 292 1944 multo
314 1879 413 1959 magis
436 1880 578 1942 modesta
599 1878 806 1959 reprehensio.
849 1880 885 1942 Id
916 1887 1020 1942 autem
1050 1881 1086 1942 L.
1110 1880 1245 1944 Minucio
1268 1879 1375 1943 obiicit
1396 1879 1444 1944 Ti.

191 1981 404 2062 Sempronius,
427 1981 505 2060 quod
531 1981 702 2042 confectam
726 1980 915 2060 provinciam
939 1981 1124 2055 nuntiasset,
1148 2001 1215 2045 cum
1239 1981 1305 2062 ipse
1322 1980 1445 2044 audiret

192 2103 308 2163 paucas
342 2081 487 2144 civitates
520 2082 550 2143 in
584 2081 734 2144 dicionem
768 2081 975 2145 Romanmuru
1000 2083 1132 2157 venisse,
1155 2081 1316 2145 ulteriores
1338 2081 1369 2144 iu
1392 2101 1445 2144 ar·

192 2185 250 2248 mis
273 2204 349 2246 esse.

276 2284 512 2348 Coniunctivum
547 2284 653 2346 norint
685 2290 812 2344 servant
845 2284 905 2347 CM
933 2291 965 2345 et
993 2283 1131 2366 plerique
1155 2283 1208 2346 alii
1230 2285 1315 2359 cdd.;
1349 2284 1444 2348 nihilo

192 2387 294 2449 minus
327 2394 442 2448 norunt
468 2385 536 2448 edd.
560 2403 665 2448 omnes
688 2384 882 2446 retinuerunt
905 2385 1063 2464 usquead
1087 2383 1206 2458 Alsch,
1228 2405 1248 2447 a
1270 2405 1329 2466 quc
1350 2385 1444 2450 resti-

193 2496 296 2550 tutum
320 2487 427 2550 norim
449 2493 577 2547 tuentur
598 2486 689 2547 st.
714 2492 746 2547 et
767 2484 842 2547 Wil.
885 2485 1014 2548 Habent
1042 2505 1114 2548 vero
1144 2487 1213 2548 cdd.
1236 2485 1355 2550 incolae
1377 2486 1446 2572 sapt

192 2588 260 2651 dus
293 2588 399 2652 norim
431 2587 580 2669 inditum,
613 2585 702 2668 pauci
737 2585 940 2648 recentissimi
970 2607 1081 2650 nomen
1108 2595 1246 2661 servant,
1268 2595 1300 2650 et
1322 2586 1446 2670 quidem

194 2699 266 2771 post
287 2690 393 2752 norint
416 2689 560 2750 locatum.
605 2687 745 2749 Eundem
769 2687 918 2760 ordinem,
941 2698 1054 2750 norunt
1076 2709 1185 2751 nornen
1207 2688 1354 2763 inditam,
1378 2709 1445 2752 cum

194 2811 300 2854 omnes
323 2791 392 2853 cdd.
415 2789 586 2851 retinentes
609 2789 755 2862 viderem,
777 2788 807 2849 in
832 2789 1033 2852 adnotatione
1055 2790 1095 2852 ad
1119 2789 1250 2869 priorem
1281 2788 1445 2854 editionem

195 2892 362 2976 (Upsaliae
387 2884 464 2952 1871
489 2909 519 2970 p.
542 2887 599 2972 53)
623 2889 773 2968 exemplis
796 2888 902 2951 allatis
919 2889 1008 2952 docui
1023 2889 1206 2954 vocabulum
1221 2911 1342 2964 acmen,
1366 2893 1446 2972 quod

194 2995 302 3057 deesse
325 3011 414 3054 uerno
437 3010 496 3052 non
519 2990 716 3070 intelligeret,
740 2990 913 3052 necessario
936 2999 1008 3070 post
1023 2991 1248 3054 eiuscmissum
1265 3011 1343 3066 esse,
1365 2993 1446 3073 quod

195 3095 329 3175 probans
352 3092 573 3154 Weissenborn
596 3090 627 3154 in
652 3092 698 3153 ed.
722 3089 751 3152 6.
775 3092 900 3153 verbnm
925 3092 1128 3172 transposuit.
1172 3093 1277 3156 Etiam
1309 3092 1447 3173 Madvig,

195 3196 246 3276 qui
279 3195 311 3256 in
345 3194 445 3274 priore
478 3195 526 3254 ed.
555 3203 670 3256 norunt
697 3212 808 3254 nomen
836 3192 1013 3272 scripserat,
1036 3193 1067 3254 in
1090 3194 1192 3256 altera
1213 3215 1323 3257 nomen
1346 3193 1447 3274 priore

194 3297 260 3359 loco
289 3295 386 3377 pouit,
415 3295 469 3357 sed
500 3294 626 3357 verbum
650 3293 746 3366 aliud,
775 3291 898 3378 feruet,
931 3294 1112 3370 substituit3
1146 3297 1225 3376 quod
1248 3295 1275 3357 si
1297 3295 1336 3356 ab
1359 3293 1447 3356 initio

196 3397 318 3470 inisset,
339 3417 449 3460 nomen
473 3401 555 3458 certe
578 3415 638 3458 nou
661 3395 806 3457 omissum
831 3402 924 3469 esset,
947 3394 1060 3476 quippe
1077 3396 1163 3458 nulla
1177 3394 1447 3476 praetermittendi

195 3519 290 3562 causa
322 3498 445 3573 oblata3
479 3496 719 3577 discrepantiam
751 3503 855 3558 autern
879 3496 1064 3576 exemplaris
1087 3496 1376 3560 Weissenboruiani
1399 3497 1447 3560 ed.

193 3599 223 3664 6.
247 3599 291 3664 sic
313 3600 423 3662 refert:
446 3617 573 3660 »nomen
595 3598 698 3660 norint
719 3597 851 3660 inditum
875 3619 891 3659 e
913 3597 980 3664 cod.
1002 3595 1081 3661 Lon.
1104 3598 1155 3660 3.»
1183 3598 1245 3661 Our
1267 3597 1447 3660 Weisssen-

194 3702 269 3764 born
293 3720 403 3763 nomen
425 3699 586 3779 reciperet,
609 3719 666 3762 nec
686 3697 846 3769 indicavit,
870 3718 925 3760 nec
947 3698 978 3759 id
1003 3699 1030 3760 ei
1053 3699 1151 3782 magis
1175 3718 1265 3780 quarn
1290 3697 1447 3780 Madvigio

195 3801 304 3866 aliisve
338 3801 507 3864 editoribus
540 3800 677 3864 indicare
711 3818 787 3879 opus
820 3807 904 3874 erat3
937 3799 1097 3875 indicavit,
1131 3820 1184 3863 cur
1205 3800 1235 3862 id
1260 3799 1359 3880 priore
1382 3800 1448 3862 loco

194 3912 334 3984 poneret,
358 3922 419 3986 qua
440 3902 472 3964 in
495 3921 527 3963 re
550 3921 585 3963 eo
609 3901 709 3964 minus
732 3901 807 3967 Lov.
830 3901 860 3962 3.
883 3899 990 3982 (quern
1014 3921 1074 3964 non
1097 3900 1221 3985 attulit)
1236 3901 1323 3982 sequi
1335 3900 1447 3981 potuit,

196 4005 275 4086 quod
299 4005 329 4065 in
353 4004 411 4066 hoc
433 4011 482 4066 est
503 4003 623 4065 »norint
646 4022 755 4064 nomeu
778 3999 945 4076 inditum»;
968 4002 1181 4070 coniunctivae
1204 4001 1335 4083 denique
1364 4001 1447 4083 opti-

196 4105 254 4168 mis
277 4106 345 4167 cdd.
370 4105 429 4167 OM
453 4103 572 4166 nititur.
616 4103 734 4177 Livius,
757 4103 858 4183 inquit
884 4102 1013 4184 Madvig
1043 4103 1190 4187 (Emend.
1213 4123 1243 4184 p.
1266 4095 1354 4186 271),
1388 4121 1446 4164 uon

197 4225 235 4268 ex
268 4225 326 4268 sua
359 4205 536 4268 coniectura
569 4212 815 4284 argumentatur,
848 4205 903 4266 sed
937 4223 975 4266 ex
1004 4205 1089 4267 fama
1116 4206 1198 4286 apud
1227 4204 1296 4266 illos
1319 4203 1448 4284 populos

195 4315 279 4370 certo
302 4306 472 4368 obtinente.
514 4305 565 4366 Ea
587 4306 708 4386 quidem
733 4303 924 4384 quaestione,
946 4306 1027 4368 unde
1049 4306 1206 4368 Poeninus
1233 4325 1320 4367 mons
1346 4303 1448 4367 dictus

196 4417 251 4470 ant
274 4428 332 4470 non
357 4407 459 4469 dictus
482 4408 639 4487 putandus
662 4413 755 4480 esset,
777 4424 837 4468 non
852 4405 1019 4468 verisimile
1032 4414 1081 4470 est
1095 4405 1164 4470 illos
1179 4406 1449 4487 populosmaguo-

196 4529 268 4589 pere
291 4529 324 4570 se
347 4508 558 4589 occupavisse,
580 4515 636 4570 aut
657 4508 696 4570 de
718 4507 777 4568 hac
799 4525 831 4568 re
854 4507 949 4569 fnisse
972 4509 1055 4588 apud
1078 4527 1130 4570 ecs
1144 4508 1278 4570 »famam
1293 4514 1377 4568 certo
1392 4506 1449 4567 ob-

196 4610 375 4674 tinentem».
420 4608 526 4671 Alium
561 4609 727 4690 quendam,
760 4627 851 4689 quarn
886 4607 937 4688 qui
971 4611 1010 4670 ad
1044 4608 1236 4672 coniecturas
1264 4606 1448 4688 pertineret,

197 4710 280 4774 illius
302 4710 488 4774 coniunctivi
512 4729 600 4773 usum
624 4729 702 4784 esse,
723 4708 785 4772 iam
812 4709 924 4772 monui.
